% This file was created with JabRef 2.9.2.
% Encoding: ISO8859_1

@ARTICLE{?hrn81,
  author = {?hrn, Y. and Born, G.},
  journal = {Adv. Quantum Chem.},
  year = {1981},
  volume = {13},
  pages = {1}
}

@ARTICLE{Ohrwall04,
  author = {{\"O}hrwall, G. and Tchaplyguine, M. and Lundwall, M. and Feifel,
	R. and Bergersen, H. and Rander, T. and Lindblad, A. and Schulz,
	J. and Peredkov, S. and Barth, S. and Marburger, S. and Hergenhahn,
	U. and Svensson, S. and Bj{\"o}rneholm, O.},
  title = {{Femtosecond Interatomic Coulombic Decay in Free Neon Clusters: Large
	Lifetime Differences between Surface and Bulk}},
  journal = {Phys. Rev. Lett.},
  year = {2004},
  volume = {93},
  pages = {173401},
  number = {17},
  publisher = {American Physical Society}
}

@ARTICLE{oehrwall2004,
  author = {G. \"Ohrwall and M. Tschaplyguine and M. Lundwall and R. Feifel and
	H. Bergersen and T. Rander and A. Lindblad and J. Schulz and S. Peredkov
	and S. Barth and S. Marburger and U. Hergenhahn and S. Svensson and
	O. Bj\"orneholm},
  journal = {Phys.\ Rev.\ Lett.},
  year = {2004},
  volume = {93},
  pages = {173401}
}

@ARTICLE{Aagren92,
  author = {\AA{}gren, H. and Cesar, A. and Liegener, C.-M.},
  title = {Theory of Molecular Auger Spectra},
  journal = {Adv. Quantum Chem.},
  year = {1992},
  volume = {23},
  pages = {4},
  owner = {elke},
  timestamp = {2012.05.07}
}

@INBOOK{Aaberg82,
  chapter = {Theory of the Auger Effect},
  pages = {469},
  title = {Handbuch der Physik Vol. 31},
  publisher = {Springer, Berlin},
  year = {1982},
  editor = {Mehlhorn, W.},
  author = {{\AA}berg, T. and Howat, G.},
  owner = {elke},
  timestamp = {2012.02.22}
}

@INBOOK{Howat82,
  title = {Theory of the \uppercase{A}uger effect},
  publisher = {Springer-Verlag},
  year = {1982},
  editor = {W. Mehlhorn},
  author = {T. {\AA}berg and G. Howat},
  address = {Berlin},
  booktitle = {Encyclopedia of Physics. Vol. XXXI}
}

@ARTICLE{Abedi12,
  author = {Abedi, A. and Maitra, N. T. and Gross, E. K. U.},
  title = {Correlated electron-nuclear dynamics: Exact factorization of the
	molecular wavefunction},
  journal = {J. Chem. Phys.},
  year = {2012},
  volume = {137},
  pages = {22A530},
  owner = {elkefasshauer},
  timestamp = {2015.09.09}
}

@ARTICLE{Abedi10,
  author = {Abedi, A. and Maitra, N. T. and Gross, E. K. U.},
  title = {Exact factorization of the Time-Dependent Electron-Nuclear Wave Function},
  journal = {Phys. Rev. Lett.},
  year = {2010},
  volume = {105},
  pages = {123002},
  owner = {elkefasshauer},
  timestamp = {2015.09.09}
}

@ARTICLE{Ahlrichs76,
  author = {Ahlrichs, R.},
  title = {Convergence Properties of the Intermolecular Force Series},
  journal = {Theor. Chim. Acta},
  year = {1976},
  volume = {41},
  pages = {7},
  owner = {elke},
  timestamp = {2012.02.22}
}

@ARTICLE{Aksela1999,
  author = {Helena Aksela and Seppo Aksela},
  title = {High resolution resonant Auger spectroscopy of free atoms and molecules},
  journal = {J. Electron Spectrosc. Relat. Phenom.},
  year = {1999},
  volume = {100},
  pages = {395 - 407},
  doi = {DOI: 10.1016/S0368-2048(99)00057-2},
  url = {http://www.sciencedirect.com/science/article/B6TGC-3XKF75P-R/2/3f04b2b4cbfaac817456468663d95c48}
}

@ARTICLE{Aksela94,
  author = {Aksela, H. and Ausmees, A. and Sairanen, O.-P. and Osborne, S. J.
	and Naves de Brito, A. and Kivim\"aki, A. and Jauhiainen, J. and
	Svensson S. and Aksela, S.},
  title = {First Observation on the Photon Energy Dependence of the Partial
	Auger Transition Rates in Both the 4d$_{3/2}$ and 4d$_{5/2}$ Auger
	Decay of Xe},
  journal = {Phys. Rev. Lett.},
  year = {1994},
  volume = {73},
  pages = {2031},
  owner = {elkefasshauer},
  timestamp = {2014.03.19}
}

@ARTICLE{Albiez90,
  author = {Albiez, A. and Thoma, M. and Weber, W. and Mehlhorn, W.},
  journal = {Z. Phys. D},
  year = {1990},
  volume = {16},
  pages = {97},
  owner = {elkefasshauer},
  timestamp = {2014.03.22}
}

@ARTICLE{Alon07,
  author = {Alon, O. E. and Streltsov, A. I. and Cederbaum, L. S.},
  title = {Unified view on multiconfigurational time propagation for systems
	consisting of identical particles},
  journal = {J. Chem. Phys.},
  year = {2007},
  volume = {127},
  pages = {154103},
  owner = {elkefasshauer},
  timestamp = {2015.09.17}
}

@ARTICLE{Amarouche88,
  author = {Amarouche, M. and Durand, G. and Malrieu, J. P.},
  title = {Structure and stability of Xe_n^+ clusters},
  journal = {J. Chem. Phys.},
  year = {1988},
  volume = {88},
  pages = {1010},
  owner = {elke},
  timestamp = {2012.10.30}
}

@BOOK{bk:amusia1990,
  title = {Atomic Photoeffect},
  publisher = {Springer},
  year = {1990},
  author = {M. Ya. Amusia},
  address = {NY}
}

@ARTICLE{amusia1977,
  author = {M. Ya. Amusia and N. A. Cherepkov and I. Pavlin and V. Radojevic
	and Dj. Zivanovic},
  title = {Photosorption for sodium and magnesium atoms in the random-phase
	approximation with exchange},
  journal = {J. Phys. B},
  year = {1977},
  volume = {10},
  pages = {1413},
  number = {8}
}

@ARTICLE{andersen1990,
  author = {L. H. Andersen and J. Bolko and P. Kvistgaard},
  title = {Radiative recombination between free electrons and bare carbon ions},
  journal = {Phys. Rev. Lett.},
  year = {1990},
  volume = {64},
  pages = {729--732},
  number = {7},
  publisher = {American Physical Society}
}

@ARTICLE{Anderson33,
  author = {Anderson, C. D.},
  title = {The Positive Electron},
  journal = {Phys. Rev.},
  year = {1933},
  volume = {43},
  pages = {491}
}

@ARTICLE{aoto2006,
  author = {T. Aoto and K. Ito and Y. Hikosaka and E. Shigemasa and F. Penent
	and P. Lablanquie},
  title = { Properties of Resonant Interatomic Coulombic Decay in Ne Dimers},
  journal = {Phys. Rev. Lett.},
  year = {2006},
  volume = {97},
  pages = {243401}
}

@ARTICLE{Arion11,
  author = {Arion, T. and Mucke, M. and F?rstel, M. and Bradshaw, A. M. and Hergenhahn,
	U.},
  title = {{Interatomic Coulombic decay in mixed NeKr clusters}},
  journal = {J. Chem. Phys.},
  year = {2011},
  volume = {134},
  pages = {074306},
  publisher = {AIP}
}

@ARTICLE{Armen_RArev,
  author = {G Bradley Armen and Helena Aksela and Teijo {\AA}berg and Seppo Aksela},
  title = {The resonant Auger effect},
  journal = {J. Phys. B},
  year = {2000},
  volume = {33},
  pages = {R49},
  number = {2}
}

@ARTICLE{Auger23,
  author = {Auger, P.},
  title = {Sur les rayons $\beta$ secondaires produits dans un gaz par des rayons
	X},
  journal = {C. R. Acad. Sci.},
  year = {1923},
  volume = {177},
  pages = {169},
  owner = {elkefasshauer},
  timestamp = {2014.04.09}
}

@ARTICLE{Ausmees99,
  author = {Ausmees, A. and Hahlin, A. and Sorensen, S. L. and Sundin, S. and
	Hjelte, I. and Bj\"orneholm, O. and Svensson, S.},
  title = {Observation of excitation-energy-dependent Xe 4d$^{-1}_{5/2,3/2}$
	lifetime widths},
  journal = {J. Phys. B},
  year = {1999},
  volume = {32},
  pages = {197},
  owner = {elkefasshauer},
  timestamp = {2014.03.05}
}

@ARTICLE{Avaldi95,
  author = {Avaldi, L. and Dawber, G. and Camilloni, R. and King, G. C. and Roper,
	M. and Siggel, M. R. F. and Stefani, G. and Zitnik, M. and Lisini,
	A. and Decleva, P.},
  journal = {Phys. Rev. A},
  year = {1995},
  volume = {51},
  pages = {5025},
  owner = {elkefasshauer},
  timestamp = {2014.03.22}
}

@ARTICLE{Averbukh06_1,
  author = {Averbukh, V. and Cederbaum, L. S.},
  title = {{Calculation of interatomic decay widths of vacancy states delocalized
	due to inversion symmetry}},
  journal = {J. Chem. Phys.},
  year = {2006},
  volume = {125},
  pages = {094107},
  doi = {http://dx.doi.org/10.1063/1.2244567}
}

@ARTICLE{Averbukh06_2,
  author = {Averbukh, V. and Cederbaum, L. S.},
  title = {{Interatomic Electronic Decay in Endohedral Fullerenes}},
  journal = {Phys. Rev. Lett.},
  year = {2006},
  volume = {96},
  pages = {053401},
  doi = {http://dx.doi.org/10.1103/PhysRevLett.96.053401}
}

@ARTICLE{Averbukh05,
  author = {V. Averbukh and L. S. Cederbaum},
  title = {Ab initio calculation of interatomic decay rates by a combination
	of the Fano ansatz, Green's-function methods, and the Stieltjes imaging
	technique},
  journal = {J. Chem. Phys.},
  year = {2005},
  volume = {123},
  pages = {204107}
}

@ARTICLE{Averbukh11,
  author = {Averbukh, V. and Demekhin, Ph. V. and Koloren\v{c}, P. and Scheit,
	S. and Stoychev, S. D. and Kuleff, A. I. and Chiang, Y.-C. and Gokhberg,
	K. and Kopelke, S. and Sisourat, N. and Cederbaum, L. S.},
  title = {{Interatomic electronic decay processes in singly and multiply ionized
	clusters}},
  journal = {J. Electron Spectrosc. Relat. Phenom.},
  year = {2011},
  volume = {183},
  pages = {36}
}

@INBOOK{Averbukh09_2,
  pages = {155},
  title = {{Quantum Chemical Approach to Interatomic Decay Rates in Clusters}},
  publisher = {Springer Netherlands},
  year = {2009},
  author = {Averbukh, V. and Koloren\v{c}, P. and Gokhberg, K. and Cederbaum,
	L. S.},
  volume = {20},
  journal = {Advances in the Theory of Atomic and Molecular Systems}
}

@ARTICLE{Averbukh04,
  author = {V. Averbukh and I. B. M\"uller and L. S. Cederbaum},
  title = { Mechanism of Interatomic Coulombic Decay in Clusters},
  journal = {Phys.\ Rev.\ Lett.},
  year = {2004},
  volume = {93},
  pages = {263002}
}

@ARTICLE{Aziz2008,
  author = {Emad F. Aziz and Niklas Ottosson and Manfred Faubel and Ingolf V.
	Hertel and Bernd Winter},
  title = {Interaction between liquid water and hydroxide revealed by core-hole
	de-excitation},
  journal = {Nature},
  year = {2008},
  volume = {455},
  pages = {89}
}

@ARTICLE{Kaelberer77,
  author = {Kaelberer J. B. and Etters, R. D.},
  title = {Phase transitions in small clusters of atoms},
  journal = {J. Chem. Phys.},
  year = {1977},
  volume = {66},
  pages = {3233},
  owner = {elkefasshauer},
  timestamp = {2014.03.05}
}

@ARTICLE{Baggesen12,
  author = {Baggesen, J. C. and Lindroth, E. and Madsen, L. B.},
  title = {Theory of attosecond absorption spectroscopy in krypton},
  journal = {Phys. Rev. A},
  year = {2012},
  volume = {85},
  pages = {013415},
  owner = {elkefasshauer},
  timestamp = {2015.02.18}
}

@ARTICLE{baltzer1997,
  author = {P. Baltzer and L. Karlsson and B. Wannberg and G. \"Ohrwall and D.M.P.
	Holland and M.A. MacDonald and M.A. Hayes and W. von Niessen},
  title = {An experimental and theoretical study of the valence shell photoelectron
	spectrum of the benzene molecule},
  journal = {Chem. Phys.},
  year = {1997},
  volume = {224},
  pages = {95-119}
}

@ARTICLE{0953-4075-27-20-011,
  author = {P Baltzer and M Lundqvist and B Wannberg and L Karlsson and M Larsson
	and M A Hayes and J B West and M R F Siggel and A C Parr and J L
	Dehmer},
  title = {Inner-valence states of CO + between 22 eV and 46 eV studied by high
	resolution photoelectron spectroscopy and ab initio CI calculations},
  journal = {Journal of Physics B: Atomic, Molecular and Optical Physics},
  year = {1994},
  volume = {27},
  pages = {4915}
}

@ARTICLE{RevModPhys.44.716,
  author = {BAMBYNEK, WALTER and CRASEMANN, BERND and FINK, R. W. and FREUND,
	H. -U. and MARK, HANS and SWIFT, C. D. and PRICE, R. E. and RAO,
	P. VENUGOPALA},
  title = {X-Ray Fluorescence Yields, Auger, and Coster-Kronig Transition Probabilities},
  journal = {Rev. Mod. Phys.},
  year = {1972},
  volume = {44},
  pages = {716--813},
  month = {Oct},
  publisher = {American Physical Society}
}

@ARTICLE{Bande13,
  author = {Bande, A.},
  title = {Electron dynamics of Interatomic Coulombic Decay in quantum dots
	induced by a laser field},
  journal = {J. Chem. Phys.},
  year = {2013},
  volume = {138},
  pages = {214104},
  owner = {elkefasshauer},
  timestamp = {2015.09.17}
}

@ARTICLE{Bande11,
  author = {Bande, A. and Gokhberg, K. and Cederbaum, L. S. },
  title = {{Dynamics of interatomic Coulombic decay in quantum dots}},
  journal = {J. Chem. Phys.},
  year = {2011},
  volume = {135},
  pages = {144112},
  issue = {14}
}

@ARTICLE{0022-3700-1-3-303,
  author = {J N Bardsley},
  title = {Configuration interaction in the continuum states of molecules},
  journal = {J. Phys. B},
  year = {1968},
  volume = {1},
  pages = {349},
  abstract = {The theory of configuration interaction is discussed in relation to
	molecular states which have sufficient energy to decay by electron
	emission or pre-dissociation. By considering the effects of electron
	emission a resonant scattering formalism is developed which is useful
	for electron-molecule collisions at very low energies. The application
	of the theory to pre-dissociation is demonstrated by an analysis
	of the recent study by Barrow et al . of the spectrum of selenium.}
}

@ARTICLE{bardsley1968,
  author = {J N Bardsley and F Mandl},
  title = {Resonant scattering of electrons by molecules},
  journal = {Rep. Prog. Phys.},
  year = {1968},
  volume = {31},
  pages = {471},
  abstract = {In this article the effect of resonances (i.e. metastable states capable
	of decaying by electron emission) on electron-molecule and heavy
	particle collisions is considered. In part I resonances are classified
	into different types: shape resonances, and electron-excited and
	nuclear-excited Feshbach resonances. Many of the observed resonances
	and their properties are discussed in terms of this classification.
	In part II resonance scattering theory is summarized. A survey is
	given of experiments, and their theoretical analysis, on resonance
	phenomena in processes such as vibrational excitation and dissociative
	attachment of molecules by electron impact and electron detachment
	in atom-atom collisions.},
  url = {http://stacks.iop.org/0034-4885/31/i=2/a=302}
}

@PHDTHESIS{Barth_diss,
  author = {Barth, S.},
  title = {Untersuchung des Interatomaren Coulomb-Zerfalls in schwach gebundenen
	Systemen},
  school = {TU Berlin},
  year = {2007},
  owner = {elkefasshauer},
  timestamp = {2014.04.30}
}

@ARTICLE{Barth05,
  author = {Barth, S. and Joshi, S. and Marburger, S. and Ulrich, V. and Lindblad,
	A. and {\"O}hrwall, G. and Bj{\"o}rneholm, O. and Hergenhahn, U.},
  title = {{Observation of resonant Interatomic Coulombic Decay in Ne clusters}},
  journal = {J. Chem. Phys.},
  year = {2005},
  volume = {122},
  pages = {241102},
  number = {24},
  eid = {4},
  doi = {http://dx.doi.org/10.1063/1.1937395},
  publisher = {AIP}
}

@ARTICLE{barth2005,
  author = {S. Barth and S. Joshi and S. Marburger and V. Ulrich and A. Lindblad
	and G. \"Ohrwall and O. Bj\"orneholm and U. Hergenhahn},
  journal = {J. Chem. Phys},
  year = {2005},
  volume = {122},
  pages = {241102}
}

@ARTICLE{Barth06_1,
  author = {Barth, S. and Marburger, S. and Joshi, S. and Ulrich, V. and Kugeler,
	O. and Hergenhahn, U.},
  title = {{Interface identification by non-local autoionization transitions}},
  journal = {Phys. Chem. Chem. Phys.},
  year = {2006},
  volume = {8},
  pages = {3218}
}

@article{Barth06_2,
  author = {Barth, S. and Marburger, S. and Kugeler, O. and Ulrich, V. and Joshi, S. and Bradshaw, A. M. and Hergenhahn, U.},
  title = {{The efficiency of Interatomic Coulombic Decay in Ne clusters}},
  journal = {Chem. Phys.},
  year = {2006},
  volume = {329},
  issue = {1--3},
  pages = {246},
  numpages = {5},
  note = {experiment},
  doi = {http://dx.doi.org/10.1016/j.chemphys.2006.06.035}
}


@ARTICLE{Baykusheva14,
  author = {Baykusheva, D. and Kraus, P.M. and Zhang, S. B. and Rohringer, N.
	and W?rner, H. J.},
  title = {The sensitivities of high-harmonic generation and strong-field ionization
	to coupled electronic and nuclear dynamics},
  journal = {Faraday Discussions},
  year = {2014},
  volume = {171},
  pages = {113},
  owner = {elkefasshauer},
  timestamp = {2015.09.04}
}

@ARTICLE{MCTDH_rev,
  author = {M. H. Beck and A. J?ckle and G. A. Worth and H.-D. Meyer},
  title = {The multiconfiguration time-dependent Hartree method: A highly efficient
	algorithm for propagating wavepackets},
  journal = {Physics Reports},
  year = {2000},
  volume = {324},
  pages = {1}
}

@ARTICLE{bell1985,
  author = {R H Bell and M J Seaton},
  title = {Dielectronic recombination. I. General theory},
  journal = {Journal of Physics B: Atomic and Molecular Physics},
  year = {1985},
  volume = {18},
  pages = {1589-1629}
}

@ARTICLE{bencokova,
  author = {Z. Bencokova and J. Balosso and N. Foray},
  title = {Radiobiological features of the anti-cancer strategies involving
	synchrotron X-Rays},
  journal = {J. Synchrotron Rad.},
  year = {2007},
  volume = {15},
  pages = {74}
}

@ARTICLE{Benfield92,
  author = {Benfield, R. E.},
  title = {Mean Coordination Numbers and the Non-metal-Metal Transition in Clusters},
  journal = {J. Chem. Soc. Faraday Trans.},
  year = {1992},
  volume = {88},
  pages = {1107},
  owner = {elkefasshauer},
  timestamp = {2014.03.05}
}

@BOOK{bk:stryer2002,
  title = {Biochemistry},
  publisher = {W.H. Freeman},
  year = {2002},
  author = {J. M. Berg and J. L. Tymoczko and L. Stryer},
  address = {San Francisco},
  edition = {5-th}
}

@BOOK{bk:berkowitz1979,
  title = {Photoabsorption, Photoionization, and Photoelectron Spectroscopy},
  publisher = {Academic Press},
  year = {1979},
  author = {J. Berkowitz},
  address = {NY}
}

@BOOK{bk:bethe2008,
  title = {Quantum mechanics of one- and two-electron atoms},
  publisher = {Dover},
  year = {2008},
  author = {H. A. Bethe and E. E. Salpeter},
  address = {Mineola}
}

@ARTICLE{Bjorneholm09,
  author = {Bj\"orneholm, O. and {\"O}hrwall, G. and Tchaplyguine, M.},
  title = {Free clusters studied by core-level spectroscopies},
  journal = {Nucl. Instr. Meth. Phys. Res. A},
  year = {2009},
  volume = {601},
  pages = {161},
  owner = {elke},
  timestamp = {2012.10.30}
}

@ARTICLE{Bjornholm1995,
  author = {Bj\"orneholm, O. and Federmann, F. and F\"ossing, F. and M\"oller,
	T. },
  title = {Core Level Photelectron and X-Ray Absorption Spectroscopy of Free
	Argon Clusters: Size-Dependent Energy Shifts and Determination of
	Surface Atom Coordination},
  journal = {Phys. Rev. Lett.},
  year = {1995},
  volume = {74},
  pages = {3017--3020},
  doi = {10.1103/PhysRevLett.74.3017}
}

@ARTICLE{Bjornholm1997,
  author = {Bj\"orneholm, O. and Sundin, S. and Svensson, S. and Marinho, R.
	R. T. and Naves de Brito, A. and Gel'mukhanov, F. and \AA{}gren,
	H. },
  title = {Femtosecond Dissociation of Core-Excited HCl Monitored by Frequency
	Detuning},
  journal = {Phys. Rev. Lett.},
  year = {1997},
  volume = {79},
  pages = {3150--3153},
  number = {17},
  doi = {10.1103/PhysRevLett.79.3150}
}

@BOOK{bk:blum1981,
  title = {Density Matrix Theory and Applications},
  publisher = {Plenum},
  year = {1981},
  author = {K. Blum},
  address = {NY}
}

@ARTICLE{Blumstein73,
  author = {Blumstein, C. and Wheeler, J. C.},
  title = {Modified-Moments Method: Application to Harmonic Solids},
  journal = {Phys. Rev. B},
  year = {1973},
  volume = {8},
  pages = {1764},
  number = {4}
}

@ARTICLE{Bolognesi2010,
  author = {P Bolognesi and P O'Keeffe and V Feyer and O Plekan and K Prince
	and M Coreno and G Mattioli and A Amore Bonapasta and W Zhang and
	V Carravetta and Y Ovcharenko and L Avaldi},
  title = {Inner shell excitation, ionization and fragmentation of pyrimidine},
  journal = {J. Phys.: Conf. Ser.},
  year = {2010},
  volume = {212},
  pages = {012002},
  number = {1},
  url = {http://stacks.iop.org/1742-6596/212/i=1/a=012002}
}

@ARTICLE{bolognesi:034302,
  author = {P. Bolognesi and P. O'Keeffe and Y. Ovcharenko and M. Coreno and
	L. Avaldi and V. Feyer and O. Plekan and K. C. Prince and W. Zhang
	and V. Carravetta},
  title = {Pyrimidine and halogenated pyrimidines near edge x-ray absorption
	fine structure spectra at C and N K-edges: experiment and theory},
  journal = {The Journal of Chemical Physics},
  year = {2010},
  volume = {133},
  pages = {034302}
}

@ARTICLE{Bondi64,
  author = {Bondi, A.},
  title = {van der Waals Volumes and Radii},
  journal = {J. Phys. Chem.},
  year = {1964},
  volume = {68},
  pages = {441},
  owner = {elkefasshauer},
  timestamp = {2013.11.04}
}

@ARTICLE{Born24,
  author = {Born, M. and Heisenberg, W.},
  journal = {Z. Phys.},
  year = {1924},
  volume = {23},
  pages = {388},
  owner = {elkefasshauer},
  timestamp = {2014.12.23}
}

@ARTICLE{Born27,
  author = {Born, M. and Oppenheimer, R.},
  title = {Zur Quantentheorie von Molekeln},
  journal = {Ann. Phys.},
  year = {1927},
  volume = {389},
  pages = {457},
  owner = {elkefasshauer},
  timestamp = {2015.09.09}
}

@ARTICLE{Boudaiffa00,
  author = {Bouda\"iffa, Badia and Cloutier, Pierre and Hunting, Darel and Huels,
	Michael A. and Sanche, L\'eon},
  title = {Resonant Formation of DNA Strand Breaks by Low-Energy (3 to 20 eV)
	Electrons},
  journal = {Science},
  year = {2000},
  volume = {287},
  pages = {1658-1660},
  number = {5458},
  abstract = {Most of the energy deposited in cells by ionizing radiation is channeled
	into the production of abundant free secondary electrons with ballistic
	energies between 1 and 20 electron volts. Here it is shown that reactions
	of such electrons, even at energies well below ionization thresholds,
	induce substantial yields of single- and double-strand breaks in
	DNA, which are caused by rapid decays of transient molecular resonances
	localized on the DNA's basic components. This finding presents a
	fundamental challenge to the traditional notion that genotoxic damage
	by secondary electrons can only occur at energies above the onset
	of ionization, or upon solvation when they become a slowly reacting
	chemical species.}
}

@UNPUBLISHED{Bradeanu07,
  author = {Bradeanu, I.}
}

@ARTICLE{Breit36,
  author = {Breit, G. and Wigner, E.},
  title = {Capture of Slow Neutrons},
  journal = {Phys. Rev.},
  year = {1936},
  volume = {49},
  pages = {519},
  owner = {elkefasshauer},
  timestamp = {2013.10.27}
}

@ARTICLE{brown51,
  author = {G. E. Brown and D. G. Ravenhall},
  journal = {PRSLA},
  year = {1951},
  volume = {208},
  pages = {552}
}

@ARTICLE{Brun09,
  author = {Brun, E. and Cloutier, P. and Sicard-Roselli, C. and Fromm, M. and
	Sanche, L.},
  title = {Damage Induced to DNA by Low-Energy (0--30 eV) Electrons under Vacuum
	and Atmospheric Conditions},
  journal = {J. Phys. Chem. B},
  year = {2009},
  volume = {113},
  pages = {10008},
  owner = {elkefasshauer},
  timestamp = {2014.05.06}
}

@BOOK{Brundle77,
  title = {Electron Spectroscopy: Theory, Techniques and Applications},
  publisher = {Academic Press Inc.},
  year = {1977},
  author = {Brundle, C. R. and Baker, A. D.}
}

@ARTICLE{Auger2,
  author = {E. H. S. Burhop and W. N. Asaad},
  journal = {Adv. At. Mol. Phys.},
  year = {1972},
  volume = {8},
  pages = {163}
}

@ARTICLE{bylicki2008,
  author = {M. Bylicki and G. Pestka and J. Karwowski},
  journal = PRA,
  year = {2008},
  volume = {77},
  pages = {044501}
}

@ARTICLE{Cacelli86,
  author = {Cacelli, I. and Caravetta, V. and Moccia, R.},
  journal = {Mol. Phys.},
  year = {1986},
  volume = {59},
  pages = {385},
  owner = {elkefasshauer},
  timestamp = {2014.04.16}
}

@INPROCEEDINGS{Beetle-Diagnosis-Flairs07,
  author = {Charles B. Callaway and Myroslava Dzikovska and Elaine Farrow and
	Manuel Marques-Pita and Colin Matheson and Johanna D. Moore},
  title = {The Beetle and BeeDiff Tutoring Systems},
  booktitle = {Proceedings of the 2007 Workshop on Spoken Language Technology for
	Education (SLaTE)},
  year = {2007},
  address = {Farmington, Pennsylvania, USA},
  month = {September}
}

@ARTICLE{Calvo12,
  author = {Calvo, F. and Pahl, E. and Schwerdtfeger, P. and Spiegelman, F.},
  title = {Diatomics-in-Molecules Modeling of Many-Body Effects on the Structure
	and Thermodynamics of Mercury Clusters},
  journal = {J. Chem. Theo. Comp.},
  year = {2012},
  volume = {8},
  pages = {639},
  owner = {elke},
  timestamp = {2012.10.30}
}

@ARTICLE{Carroll02,
  author = {Carroll, T. X. and Bozek, J. D. and Kukk, E. and Myrseth, V. and
	S{\ae}thre, L. J. and Thomas, T. D. and Wiesner, K.},
  title = {Xenon N$_{4,5}$OO Auger spectrum --- a useful calibration source},
  journal = {J. Elec. Spec. Rel. Phen.},
  year = {2002},
  volume = {125},
  pages = {127},
  owner = {elkefasshauer},
  timestamp = {2014.03.05}
}

@ARTICLE{Cederbaum_erratum_14,
  author = {Cederbaum, L. S.},
  title = {Erratum: ``The exact molecular wavefunction as a product of an electronic
	and a nuclear wavefunction'' [J. Chem. Phys. 138, 224110 (2013)]},
  journal = {J. Chem. Phys.},
  year = {2014},
  volume = {141},
  pages = {029902},
  owner = {elkefasshauer},
  timestamp = {2015.09.04}
}

@ARTICLE{Cederbaum13,
  author = {Cederbaum, L. S.},
  title = {The exact molecular wavefunction as a product of an electronic and
	nuclear wavefunction},
  journal = {J. Chem. Phys.},
  year = {2013},
  volume = {138},
  pages = {224110},
  owner = {elkefasshauer},
  timestamp = {2015.09.04}
}

@ARTICLE{Cederbaum08,
  author = {Cederbaum, L. S.},
  title = {Born-Oppenheimer approximation and beyond for time-dependent electronic
	processes},
  journal = {J. Chem. Phys.},
  year = {2008},
  volume = {128},
  pages = {124101},
  owner = {elkefasshauer},
  timestamp = {2015.09.04}
}

@ARTICLE{cederbaum1990,
  author = {L. S. Cederbaum},
  title = {On Green's function's and their applications},
  journal = {Int. J. Quant. Chem.},
  year = {1990},
  volume = {38},
  pages = {393}
}

@ARTICLE{breakdown,
  author = {Cederbaum, L. S. and Domcke, W. and Schirmer, J. and von Niessen,
	W.},
  title = {Correlation Effects in the Ionization of Molecules: Breakdown of
	the Molecular Orbital Picture},
  journal = {Adv. Chem. Phys.},
  year = {1986},
  volume = {65},
  pages = {115}
}

@ARTICLE{Cederbaum_1986,
  author = {Cederbaum, L. S. and Domcke, W. and Schirmer, J. and von Niessen,
	W.},
  title = {Correlation effects in the ionization of molecules},
  journal = {Adv. Chem Phys.},
  year = {1986},
  volume = {65},
  pages = {115}
}

@ARTICLE{cederbaum1986,
  author = {L. S. Cederbaum and W. Domcke and J. Schirmer and W. von Niessen},
  journal = {Adv. Chem. Phys.},
  year = {1986},
  volume = {65},
  pages = {115}
}

@ARTICLE{cederbaum1997,
  author = {L. S. Cederbaum and J. Zobeley and F. Tarantelli},
  title = {Giant Intermolecular Decay and Fragmentation of Clusters},
  journal = {Phys.\ Rev.\ Lett.},
  year = {1997},
  volume = {79},
  pages = {4778}
}

@ARTICLE{Cederbaum97,
  author = {Cederbaum, L. S. and Zobeley, J. and Tarantelli, F.},
  title = {{Giant Intermolecular Decay and Fragmentation of Clusters}},
  journal = {Phys. Rev. Lett.},
  year = {1997},
  volume = {79},
  pages = {4778},
  number = {24},
  publisher = {American Physical Society}
}

@ARTICLE{brion1991,
  author = {W.F. Chan and G. Cooper and C.E. Brion},
  title = {Absolute optical oscillator strengths for the electronic excitation
	of atoms at high resolution: Experimental methods and measurements
	for helium},
  journal = {Phys. Rev. A},
  year = {1991},
  volume = {44},
  pages = {186-204}
}

@ARTICLE{chi1994,
  author = {Chi, Hsin-Chang and Huang, Keh-Ning },
  title = {Photoionization of magnesium including double excitations},
  journal = {Phys. Rev. A},
  year = {1994},
  volume = {50},
  pages = {392--398},
  number = {1},
  month = {Jul},
  doi = {10.1103/PhysRevA.50.392},
  numpages = {6},
  publisher = {American Physical Society}
}

@ARTICLE{Chiang14,
  author = {Chiang, Y. C. and Klaiman, S. and Otto, F. and Cederbaum, L. S.},
  title = {The exact wavefunction factorization of a vibronic coupling system},
  journal = {J. Chem. Phys.},
  year = {2014},
  volume = {140},
  pages = {054104},
  owner = {elkefasshauer},
  timestamp = {2015.09.04}
}

@ARTICLE{Chiang11,
  author = {Chiang, Y.-C. and Otto, F. and Meyer, H.-D. and Cederbaum, L. S.
	},
  title = {{Interrelation between the distributions of kinetic energy release
	and emitted electron energy following the decay of electronic states}},
  journal = {Phys. Rev. Lett.},
  year = {2011},
  volume = {107},
  pages = {173001},
  issue = {17}
}

@ARTICLE{Cho2005,
  author = {Sang Hyun Cho},
  title = {Estimation of tumour dose enhancement due to gold nanoparticles during
	typical radiation treatments: a preliminary Monte Carlo study},
  journal = {Phys. Med. Biol.},
  year = {2005},
  volume = {50},
  pages = {N163},
  number = {15}
}

@ARTICLE{chutjan1977,
  author = {A. Chutjan and H. Tanaka and B.G. Wicke and S.K. Srivastava},
  journal = {J. Chem. Phys},
  year = {1977},
  volume = {67},
  pages = {4835}
}

@ARTICLE{Cleary06,
  author = {Cleary, S. M. and Mayne, H. R.},
  journal = {Chem. Phys. Lett.},
  year = {2006},
  volume = {418},
  pages = {79}
}

@ARTICLE{codling1967,
  author = {K. Codling and R.P. Madden and D.L. Ederer},
  journal = {Phys. Rev.},
  year = {1967},
  volume = {155},
  pages = {26}
}

@ARTICLE{Codling80,
  author = {Codling, K. and West, J. and Parr, A. and Dehmer, J. and Stockbauer,
	R.},
  journal = {J. Phys. B},
  year = {1980},
  volume = {13},
  pages = {L693},
  owner = {elkefasshauer},
  timestamp = {2013.10.29}
}

@BOOK{Cohen-Tannoudji_3_2,
  title = {Quantenmechanik},
  publisher = {Walter de Gruyter GmbH \& Co. KG},
  year = {2008},
  author = {Cohen-Tannoudji, C. and Diu, B. and Lalo\"{e}, F.},
  volume = {Band 2},
  edition = {3. Auflage},
  owner = {elkefasshauer},
  timestamp = {2013.12.16}
}

@BOOK{CondonShortley,
  title = {The Theory of Atomic Spectra},
  publisher = {The Syndics of the Cambridge University Press},
  year = {1979},
  author = {Condon, E. U. and Shortley, G. H.},
  owner = {elke},
  timestamp = {2011.04.11}
}

@ARTICLE{PhysRevLett.10.518,
  author = {Cooper, J. W. and Fano, U. and Prats, F. },
  title = {Classification of Two-Electron Excitation Levels of Helium},
  journal = {Phys. Rev. Lett.},
  year = {1963},
  volume = {10},
  pages = {518}
}

@ARTICLE{Corcoran77,
  author = {Corcoran, C. T. and Langhoff, P. W.},
  title = {Moment-theory approximations for nonnegative spectral densities},
  journal = {J. Math. Phys.},
  year = {1977},
  volume = {18},
  pages = {651},
  number = {4}
}

@ARTICLE{Coster35,
  author = {Coster, D. and Kronig, R. De L.},
  title = {New type of auger effect and its influence on the x-ray spectrum},
  journal = {Physica},
  year = {1935},
  volume = {2},
  pages = {13},
  owner = {elkefasshauer},
  timestamp = {2014.04.09}
}

@ARTICLE{Craigie14,
  author = {Craigie, J. and Hammad, A. and Cooper, B. and Averbukh, V.},
  title = {Rates of exponential decay in systems of discrete energy levels by
	Stieltjes imaging},
  journal = {J. Chem. Phys.},
  year = {2014},
  volume = {141},
  pages = {014105}
}

@ARTICLE{czasch2005,
  author = {Czasch, A. and Schmidt, L.Ph.H. and Jahnke, T. and Weber, Th. and
	Jagutzki, O. and Sch?ssler, S. and Sch?ffler, M. S. and D?rner, R.
	and Schmidt-B?cking, H. },
  title = {{Photo induced multiple fragmentation of atoms and molecules: Dynamics
	of Coulombic many-particle systems studied with the COLTRIMS reaction
	microscope}},
  journal = {Phys. Lett. A},
  year = {2005},
  volume = {347},
  pages = {95},
  number = {1--3},
  eid = {8},
  doi = {http://dx.doi.org/10.1016/j.physleta.2005.08.043}
}

@ARTICLE{Danylchenko06,
  author = {Danylchenko, O. G. and Kovalenko, S. I. and Samovarov, V. N.},
  journal = {Low Temp. Phys.},
  year = {2006},
  volume = {32},
  pages = {1182},
  number = {12}
}

@ARTICLE{davidson1975,
  author = {E. Davidson},
  journal = {J. Comp. Phys.},
  year = {1975},
  volume = {17},
  pages = {87}
}

@ARTICLE{Deb11,
  author = {Deb, Sanghamitra and Weber, P. M.},
  title = {The Ultrafast Pathway of Photon-Induced Electrocyclic Ring-Opening
	Reactions: The Case of 1,3-Cyclohexadiene},
  journal = {Annu. Rev. Phys. Chem.},
  year = {2011},
  volume = {62},
  pages = {19},
  owner = {elkefasshauer},
  timestamp = {2015.09.04}
}

@ARTICLE{Dehmer82,
  author = {Dehmer, P. M. and Pratt, S. T.},
  journal = {J. Chem. Phys.},
  year = {1982},
  volume = {77},
  pages = {4804}
}

@ARTICLE{Demekhin09_1,
  author = {Demekhin, Ph. V. and Chiang, Y.-C. and Stoychev, S. D. and Koloren\v{c},
	P. and Scheit, S. and Kuleff, A. I. and Tarantelli, F. and Cederbaum,
	L. S.},
  title = {{Interatomic Coulombic decay and its dynamics in NeAr following K-LL
	Auger transition in the Ne atom}},
  journal = {J. Chem. Phys.},
  year = {2009},
  volume = {131},
  pages = {104303},
  doi = {http://dx.doi.org/10.1063/1.3211114}
}

@ARTICLE{Demekhin09_2,
  author = {Demekhin, Ph. V. and Scheit, S. and Cederbaum, L. S.},
  title = {{Recoil by Auger electrons: Theory and application}},
  journal = {J. Chem. Phys.},
  year = {2009},
  volume = {131},
  pages = {164301},
  doi = {http://dx.doi.org/10.1063/1.3250348}
}

@ARTICLE{Demekhin08,
  author = {Demekhin, Ph. V. and Scheit, S. and Stoychev, S. D. and Cederbaum,
	L. S.},
  title = {{Dynamics of interatomic Coulombic decay in a Ne dimer following
	the K-L1L2,3(1P) Auger transition in the Ne atom}},
  journal = {Phys. Rev. A},
  year = {2008},
  volume = {78},
  pages = {043421}
}

@ARTICLE{Dieterich11,
  author = {Dieterich, J. M. and Hartke, B.},
  title = {Composition-Induced Structural Transitions in Mixed Lennard-Jones
	Clusters: Global Reparametrization and Optimization},
  journal = {J. Comp. Chem.},
  year = {2011},
  volume = {32},
  pages = {1377},
  owner = {elke},
  timestamp = {2012.10.30}
}

@ARTICLE{Dirac28_1,
  author = {Dirac, P. A. M.},
  title = {The Quantum Theory of the Electron},
  journal = {Proc. Roy. Soc. London A},
  year = {1928},
  volume = {117},
  pages = {610}
}

@ARTICLE{Dirac27_1,
  author = {Dirac, P. A. M.},
  title = {The Quantum Theory of the Emission and Absorption of Radiation},
  journal = {Proc. Roy. Soc. London A},
  year = {1927},
  pages = {243},
  owner = {elkefasshauer},
  timestamp = {2013.10.27}
}

@ARTICLE{Dirac27_2,
  author = {Dirac, P. A. M.},
  title = {The Quantum Theory of Dispersion.},
  journal = {Proc. Roy. Soc. London A},
  year = {1927},
  pages = {710},
  owner = {elkefasshauer},
  timestamp = {2013.10.27}
}

@ARTICLE{djerad1992,
  author = {M. T. Djerad and F. Gounand and A. Kumar and M. Cheret},
  title = {Electronic mechanisms of Penning Ionisation involving excited alkali
	atoms},
  journal = {J. Chem. Phys.},
  year = {1992},
  volume = {97},
  pages = {8334}
}

@ARTICLE{PhysRevA.53.1424,
  author = {Domke, M. and Schulz, K. and Remmers, G. and Kaindl, G. and Wintgen,
	D. },
  title = {High-resolution study of $1$$Po$ double-excitation states in helium},
  journal = {Phys. Rev. A},
  year = {1996},
  volume = {53},
  pages = {1424}
}

@ARTICLE{Doye05,
  author = {Doye, J. P. K. and Meyer, L.},
  title = {Mapping the Magic Numbers in Binary Lennard-Jones Clusters},
  journal = {Phys. Rev. Lett.},
  year = {2005},
  volume = {95},
  pages = {063401},
  owner = {elkefasshauer},
  timestamp = {2014.03.05}
}

@ARTICLE{Doye97,
  author = {Doye, J. P. K. and Wales, D. J.},
  title = {Structural consequences of the range of the interatomic potential:
	a menagerie of clusters},
  journal = {J. Chem. Soc., Faraday Trans.},
  year = {1997},
  volume = {93},
  pages = {4233},
  owner = {elke},
  timestamp = {2013.11.05}
}

@ARTICLE{PhysRevA.22.1878,
  author = {Duzy, C. and Hyman, H. A.},
  title = {Photoionization of excited rare-gas atoms},
  journal = {Phys. Rev. A},
  year = {1980},
  volume = {22},
  pages = {1878}
}

@ARTICLE{dyall5p06,
  author = {Dyall, K. G.},
  title = {keine Ahnung},
  journal = {Theor. Chem. Acc.},
  year = {2006},
  volume = {115},
  pages = {441}
}

@ARTICLE{dyall5p02,
  author = {Dyall, K. G.},
  title = {keine Ahnung},
  journal = {Theor. Chem. Acc.},
  year = {2002},
  volume = {108},
  pages = {365}
}

@ARTICLE{dyall5p98,
  author = {Dyall, K. G.},
  title = {keine Ahnung},
  journal = {Theor. Chem. Acc.},
  year = {1998},
  volume = {99},
  pages = {366}
}

@BOOK{dyallfaegri,
  title = {Relativistic Quantum Chemistry},
  publisher = {Oxford University Press, Inc.},
  year = {2007},
  author = {Dyall, K. G. and F{\ae}gri Jr., K.}
}

@ARTICLE{Eberhardt_1978,
  author = {Eberhardt, W. and Kalkoffen, G. and Kunz, C. },
  title = {Measurement of the Auger Decay after Resonance Excitation of Xe $4d$
	and Kr $3d$ Resonance Lines},
  journal = {Phys. Rev. Lett.},
  year = {1978},
  volume = {41},
  pages = {156--159},
  number = {3},
  month = {Jul},
  doi = {10.1103/PhysRevLett.41.156},
  publisher = {American Physical Society}
}

@ARTICLE{RAuger1,
  author = {W. Eberhardt and G. Kalkoffen and and C. Kunz},
  journal = {Phys. Rev. Lett.},
  year = {1978},
  volume = {41},
  pages = {156}
}

@ARTICLE{Echt81,
  author = {Echt, O. and Sattler, K. and Recknagel, E.},
  title = {Magic Numbers for Sphere Packings: Experimental Verification in Free
	Xenon Clusters},
  journal = {Phys. Rev. Lett.},
  year = {1981},
  volume = {47},
  pages = {1121},
  owner = {elke},
  timestamp = {2012.10.30}
}

@ARTICLE{ederer1971,
  author = {D.L. Ederer},
  journal = {Phys. Rev. A},
  year = {1971},
  volume = {4},
  pages = {6}
}

@BOOK{bk:edmonds1974,
  title = {Angular Momentum in Quantum Mechanics},
  publisher = {Princeton University Press},
  year = {1974},
  author = {A. R. Edmonds},
  address = {Princeton}
}

@BOOK{EdmondsAngular,
  title = {Angular Momentum in Quantum Mechanics},
  publisher = {Princeton University Press},
  year = {1974},
  author = {Edmonds, A. R.},
  owner = {elke},
  timestamp = {2011.08.10}
}

@BOOK{einstein88,
  title = {?ber die spezielle und die allgemeine Relativit?tstheorie},
  publisher = {Springer-Verlag},
  year = {2001},
  author = {Albert Einstein},
  edition = {23}
}

@ARTICLE{Einstein05,
  author = {Einstein, A.},
  title = {Zur Elektrodynamik bewegter K?rper},
  journal = {Annalen der Physik},
  year = {1905},
  volume = {322},
  pages = {891}
}

@ARTICLE{Ellison63,
  author = {Ellison, F. O.},
  title = {A Method of Diatomics in Molecules I. General Theory and Application
	to H2O},
  journal = {J. Am. Chem. Soc.},
  year = {1963},
  volume = {85},
  pages = {3540},
  owner = {elke},
  timestamp = {2012.10.31}
}

@ARTICLE{Forstel11,
  author = {F?rstel, M. and Mucke, M. and Arion, T. and Bradshaw, A. M. and Hergenhahn,
	U.},
  title = {{Autoionization mediated by electron transfer}},
  journal = {Phys. Rev. Lett.},
  year = {2011},
  volume = {106},
  pages = {033402},
  publisher = {AIP}
}

@ARTICLE{FP1990115,
  author = {F.P. and Larkins},
  title = {Theoretical interpretation of molecular Auger spectra},
  journal = {Journal of Electron Spectroscopy and Related Phenomena},
  year = {1990},
  volume = {51},
  pages = {115 - 147}
}

@PHDTHESIS{PhDFoerstel,
  author = {F{\"o}rstel, M.},
  title = {Investigation of non-local autoionization processes in rare gas clusters},
  school = {TU Berlin},
  year = {2012},
  owner = {elke},
  timestamp = {2012.10.29}
}

@INCOLLECTION{Faegri02,
  author = {F{\ae}gri, Jr. K. and Dyall, K. G.},
  booktitle = {Relativistic Electronic Structure Theory. Part 1. Fundamentals},
  publisher = {Elsevier: Amsterdam},
  year = {2002},
  editor = {Schwerdtfeger, P.},
  pages = {259}
}

@MISC{Foerstel_private,
  author = {F\"orstel, M.},
  howpublished = {private communication},
  owner = {elkefasshauer},
  timestamp = {2014.05.05}
}

@ARTICLE{Foerstel10,
  author = {F\"orstel, M. and Mucke, M. and Arion, T. and Lischke, T. and Barth,
	S. and Ulrich, V. and \"Ohrwall, G. and Bj\"orneholm, O. and Hergenhahn,
	U. and Bradshaw, A.},
  title = {Observation of electronic energy bands in argon clusters},
  journal = {Phys. Rev. B},
  year = {2010},
  volume = {82},
  pages = {125450},
  owner = {elkefasshauer},
  timestamp = {2014.04.19}
}

@ARTICLE{forster1948,
  author = {Th. F\"orster},
  title = {Zwischenmolekulare Energiewanderung und Fluoreszenz},
  journal = {Ann. Physik},
  year = {1948},
  volume = {437},
  pages = {55-75}
}

@ARTICLE{Fasshauer10,
  author = {Fa{\ss}hauer, E. and Kryzhevoi, N. V. and Pernpointner, M.},
  title = {{Possible electronic decay channels in the ionization spectra of
	small clusters composed of Ar and Xe: A four-component relativistic
	treatment}},
  journal = {J. Chem. Phys.},
  year = {2010},
  volume = {133},
  pages = {014303}
}

@ARTICLE{iif_2010,
  author = {Ilya I Fabrikant},
  title = {Recent progress in the theory of dissociative attachment: From diatomics
	to biomolecules},
  journal = {J. Phys.: Conf. Ser.},
  year = {2010},
  volume = {204},
  pages = {012004},
  abstract = {We present a summary of recent progress in theoretical studies of
	low-energy dissociative electron attachment (DEA) to halogen molecules
	and polyatomic molecules based on the resonance R-matrix theory.
	It explains many observed features in DEA cross sections including
	low-energy behavior, threshold resonances and cusps. It also gives
	correct description of the temperature dependence of the attachment
	rate coefficients. More recently the theory was applied to two molecules
	of biological interest, formic acid and glycine. DEA mechanisms in
	these systems are very similar to those in hydrogen halides.}
}

@ARTICLE{fairchild1982,
  author = {R.~G. Fairchild and A.~B. Brill and K.~V. Ettinger},
  title = {Radiation enhancement with Iodinated Deoxyuridine},
  journal = {Investigative Radiology},
  year = {1982},
  volume = {17},
  pages = {407}
}

@ARTICLE{fang2000,
  author = {T.K. Fang and T.N. Chang},
  journal = {Phys. Rev. A},
  year = {2000},
  volume = {61},
  pages = {052716}
}

@ARTICLE{fano1961,
  author = {U. Fano},
  title = {Effects of configuration interaction on intensities and phase shifts},
  journal = {Phys. Rev.},
  year = {1961},
  volume = {124},
  pages = {1866}
}

@ARTICLE{Fano61,
  author = {Fano, U.},
  title = {Effects of Configuration Interaction on Intensities and Phase Shifts},
  journal = {Phys. Rev.},
  year = {1961},
  volume = {124},
  pages = {1866--1878},
  number = {6},
  month = {Dec},
  numpages = {12},
  publisher = {American Physical Society}
}

@ARTICLE{fano1968,
  author = {U. Fano and J. W. Cooper},
  title = {Spectral distribution of atomic oscillator strengths},
  journal = {Rev. Mod. Phys.},
  year = {1968},
  volume = {40},
  pages = {441}
}

@PHDTHESIS{Fasshauer_thesis,
  author = {Fasshauer, E.},
  title = {Investigation of Relativistic Effects in Electronic Decay Processes
	in Small and Large Noble Gas Clusters by Ab Initio and New Simulation
	Approaches},
  school = {University of Heidelberg},
  year = {2014},
  owner = {elkefasshauer},
  timestamp = {2015.02.16},
  url = {http://diracprogram.org/doku.php?id=dissertations}
}

@ARTICLE{Fasshauer16_1,
  author = {Fasshauer, E. and F\"orstel, M. and M\"ucke, M. and Pernpointner,
	M. and Hergenhahn, U.},
  note = {in preparation},
  owner = {elkefasshauer},
  timestamp = {2015.11.24}
}

@ARTICLE{Fasshauer14_1,
  author = {Fasshauer, E. and F\"orstel, M. and Pallmann, S. and Pernpointner,
	M. and Hergenhahn, U.},
  title = {Using ICD for structure analysis of clusters: a case study on coexpanded
	Ne-Ar clusters},
  journal = {New J. Phys.},
  year = {2014},
  volume = {16},
  pages = {103026},
  owner = {elkefasshauer},
  timestamp = {2014.02.17}
}

@ARTICLE{Fasshauer15_1,
  author = {Fasshauer, E. and Koloren\ifmmode \check{c}\else \v{c}\fi{}, P. and
	Pernpointner, M.},
  title = {Relativistic decay widths of autoionization processes: The relativistic
	FanoADC-Stieltjes method},
  journal = {J. Chem. Phys.},
  year = {2015},
  volume = {142},
  pages = {144106},
  owner = {elkefasshauer},
  timestamp = {2014.02.17}
}

@ARTICLE{Fasshauer15_02,
  author = {Fasshauer, E. and A. U. J. Lode},
  title = {The multiconfigurational time-dependent Hartree for fermions: Implementation,
	exactness and application to few-fermion tunneling to open space},
  journal = {Phys. Rev. A},
  year = {2015},
  note = {submitted},
  owner = {elkefasshauer},
  timestamp = {2015.09.04}
}

@ARTICLE{Fasshauer13,
  author = {Fasshauer, E. and Pernpointner, M. and Gokhberg, K.},
  title = {Interatomic Decay of Inner-Valence Ionized States in ArXe Clusters:
	Relativistic Approach},
  journal = {J. Chem. Phys.},
  year = {2013},
  volume = {138},
  pages = {014305},
  owner = {elkefasshauer},
  timestamp = {2012.10.23}
}

@UNPUBLISHED{methyliodide,
  author = {E. Fasshauer and A. Sil and M. Pernpointner },
  note = {in preparation}
}

@ARTICLE{Federmann1994,
  author = {Federmann, F. and Bj\"orneholm, O. and Beutler, A. and M\"oller,
	T. },
  title = {Resonant X-Ray Absorption of Neon Clusters: The Influence of Cluster
	Size on the Character of Core Excited States},
  journal = {Phys. Rev. Lett.},
  year = {1994},
  volume = {73},
  pages = {1549--1552},
  number = {11},
  doi = {10.1103/PhysRevLett.73.1549}
}

@ARTICLE{Feifel04,
  author = {Feifel, R. and Tchaplyguine, M. and {\"O}hrwall, G. and Salonen,
	M. and Lundwall, M. and Marinho, R. R. T. and Gisselbrecht, M. and
	Sorensen, S. L. and Naves de Brito, A. and Karlsson, L. and M{\aa}rtensson,
	N. and Svensson, S. and Bj{\"o}rneholm, O.},
  journal = {Eur. Phys. J. D},
  year = {2004},
  volume = {30},
  pages = {343}
}

@ARTICLE{feinendegen,
  author = {L.~E. Feinendegen},
  title = {Biological damage from the Auger effect, Possible benefits},
  journal = {Rad. and Environm. Biophysics},
  year = {1975},
  volume = {12},
  pages = {85}
}

@ARTICLE{feng2002,
  author = {R. Feng and G. Cooper and C.E. Brion},
  title = {Dipole (e,e) spectroscopic studies of benzene: quantitative photoabsorption
	in the UV, VUV and soft X-ray regions},
  journal = {J. Electron Spectrosc. Relat. Phenom.},
  year = {2002},
  volume = {123},
  pages = {199-209}
}

@ARTICLE{Fermi32,
  author = {Fermi, E.},
  title = {Quantum Theory of Radiation},
  journal = {Rev. Mod. Phys.},
  year = {1932},
  volume = {4},
  pages = {87},
  owner = {elkefasshauer},
  timestamp = {2013.10.27}
}

@BOOK{bk:feshbach1992,
  title = {Theoretical nuclear physics},
  publisher = {Wiley},
  year = {1992},
  author = {H. Feshbach},
  address = {New York}
}

@BOOK{Feshbach_book,
  title = {Theoretical Nuclear Physics: Nuclear Reactions},
  publisher = {John Wiley \& Sons},
  year = {1992},
  author = {Feshbach, H.},
  owner = {elkefasshauer},
  timestamp = {2014.02.28}
}

@ARTICLE{Feshbach62,
  author = {Feshbach, H.},
  title = {A Unified Theory of Nuclear Reactions. II},
  journal = {Ann. Phys.},
  year = {1962},
  volume = {19},
  pages = {287},
  owner = {elkefasshauer},
  timestamp = {2013.10.27}
}

@ARTICLE{Feshbach58,
  author = {Feshbach, H.},
  title = {Unified Theory of Nuclear Reactions},
  journal = {Ann. Phys.},
  year = {1958},
  volume = {5},
  pages = {357},
  owner = {elkefasshauer},
  timestamp = {2013.10.27}
}

@BOOK{bk:fetter2003,
  title = {Quantum Theory of Many-Particle Systems},
  publisher = {Dover},
  year = {2003},
  author = {A.L. Fetter and J.D. Walecka},
  address = {Mineola,NY}
}

@ARTICLE{feuerbacher_2004,
  author = {S. Feuerbacher and T. Sommerfeld and L. S. Cederbaum},
  journal = {J. Chem. Phys.},
  year = {2004},
  volume = {120},
  pages = {3201}
}

@ARTICLE{feuerbacher2003,
  author = {S. Feuerbacher and T. Sommerfeld and R. Santra and L. S. Cederbaum},
  title = {Complex absorbing potentials in the framework of electronpropagator
	theory. II. Application to temporary anions.},
  journal = {J. Chem. Phys.},
  year = {2003},
  volume = {118},
  pages = {6188}
}

@ARTICLE{doi:10.1021/jp803017y,
  author = {Feyer, Vitaliy and Plekan, Oksana and Richter, Robert and Coreno,
	Marcello and Prince, Kevin C. and Carravetta, Vincenzo},
  title = {Core Level Study of Alanine and Threonine},
  journal = {The Journal of Physical Chemistry A},
  year = {2008},
  volume = {112},
  pages = {7806-7815}
}

@ARTICLE{Feyer2010,
  author = {Feyer, Vitaliy and Plekan, Oksana and Richter, Robert and Coreno,
	Marcello and de Simone, Monica and Prince, Kevin C. and Trofimov,
	Alexander B. and Zaytseva, Irina L. and Schirmer, Jochen},
  title = {Tautomerism in Cytosine and Uracil: A Theoretical and Experimental
	X-ray Absorption and Resonant Auger Study},
  journal = {J. Phys. Chem. A},
  year = {2010},
  volume = {114},
  pages = {10270-10276},
  number = {37},
  doi = {10.1021/jp105062c}
}

@INBOOK{flannery2006,
  title = {Electron-Ion and Ion-Ion Recombination},
  publisher = {Springer},
  year = {2006},
  editor = {G. W. F. Drake},
  author = {M. Flannery},
  address = {New York},
  booktitle = {Springer Handbook of Atomic, Molecular, and Optical Physics}
}

@ARTICLE{Fleig03,
  author = {Fleig, T. and Olsen, J. and Visscher, L.},
  title = {The generalized active space concept for the relativistic treatment
	of electron correlation. II. Large-scale configuration interaction
	implementation based on relativistic 2- and 4-spinors and its application},
  journal = {J. Chem. Phys.},
  year = {2003},
  volume = {119},
  pages = {2963},
  owner = {elke},
  timestamp = {2012.03.13}
}

@ARTICLE{Fort01,
  author = {Fort, E. and Vach, H. and Ch?telet, M. and De Martino, A. and Prad?re,
	F.},
  journal = {Eur. Phys. J. D},
  year = {2001},
  volume = {14},
  pages = {71}
}

@ARTICLE{Freeman74,
  author = {Freeman, D. E. and Yoshino, K. and Tanaka, Y.},
  journal = {J. Chem. Phys.},
  year = {1974},
  volume = {61},
  pages = {4880},
  number = {11}
}

@TECHREPORT{Freudenberg_Forsch,
  author = {Freudenberg, J.},
  title = {Berechnung der abstandsabhängigen Spin-Bahn-Kopplungskonstanten
	in den Edelgasdimeren Ar$_2$, Kr$_2$ und ArKr mittels relativistischer
	Propagatormethoden},
  institution = {University of Heidelberg},
  year = {2011},
  owner = {elkefasshauer},
  timestamp = {2014.04.09}
}

@MISC{g03,
  author = {M. J. Frisch and G. W. Trucks and H. B. Schlegel and G. E. Scuseria
	and M. A. Robb and J. R. Cheeseman and Montgomery, Jr., J. A. and
	T. Vreven and K. N. Kudin and J. C. Burant and J. M. Millam and S.
	S. Iyengar and J. Tomasi and V. Barone and B. Mennucci and M. Cossi
	and G. Scalmani and N. Rega and G. A. Petersson and H. Nakatsuji
	and M. Hada and M. Ehara and K. Toyota and R. Fukuda and J. Hasegawa
	and M. Ishida and T. Nakajima and Y. Honda and O. Kitao and H. Nakai
	and M. Klene and X. Li and J. E. Knox and H. P. Hratchian and J.
	B. Cross and V. Bakken and C. Adamo and J. Jaramillo and R. Gomperts
	and R. E. Stratmann and O. Yazyev and A. J. Austin and R. Cammi and
	C. Pomelli and J. W. Ochterski and P. Y. Ayala and K. Morokuma and
	G. A. Voth and P. Salvador and J. J. Dannenberg and V. G. Zakrzewski
	and S. Dapprich and A. D. Daniels and M. C. Strain and O. Farkas
	and D. K. Malick and A. D. Rabuck and K. Raghavachari and J. B. Foresman
	and J. V. Ortiz and Q. Cui and A. G. Baboul and S. Clifford and J.
	Cioslowski and B. B. Stefanov and G. Liu and A. Liashenko and P.
	Piskorz and I. Komaromi and R. L. Martin and D. J. Fox and T. Keith
	and M. A. Al-Laham and C. Y. Peng and A. Nanayakkara and M. Challacombe
	and P. M. W. Gill and B. Johnson and W. Chen and M. W. Wong and C.
	Gonzalez and J. A. Pople},
  title = {Gaussian 03, \uppercase{R}evision \uppercase{C}.02},
  note = {\uppercase{G}aussian, Inc., Wallingford, CT, 2004}
}

@ARTICLE{Fritzsche12,
  author = {Fritzsche, S.},
  title = {The RATIP prgrom for relativistic calculations of atomic transition,
	ionization and recombination properties},
  journal = {Comp. Phys. Comm.},
  year = {2012},
  volume = {183},
  pages = {1525},
  owner = {elkefasshauer},
  timestamp = {2014.04.19}
}

@ARTICLE{Fritzsche11,
  author = {Fritzsche, S. and Grum-Grzhimailo, A. N. and Gryzlova, E. V. and
	Kabachnik, N. M.},
  title = {Sequential two-photon double ionization of the 4d shell in xenon},
  journal = {J. Phys. B},
  year = {2011},
  volume = {44},
  pages = {175602},
  owner = {elkefasshauer},
  timestamp = {2014.03.05}
}

@ARTICLE{PhysRevA.22.1615,
  author = {Fuggle, John C. and Alvarado, Santos F.},
  title = {Core-level lifetimes as determined by x-ray photoelectron spectroscopy
	measurements},
  journal = {Phys. Rev. A},
  year = {1980},
  volume = {22},
  pages = {1615--1624}
}

@ARTICLE{fukuzawa2003,
  author = {Hironobu Fukuzawa and Makoto Murata and Naoharu Kiyoto and Tomonori
	Mukai and Yuji Fukuchi and Deba Bahadur Khadka and Masatoshi Ukai
	and Takeshi Odagiri and Kosei Kameta and Noriyuki Kouchi and Yoshihiko
	Hatano },
  title = {Collisional deexcitation of the excited rare gas atoms in resonant
	states: The Watanabe-Katsuura theory revisited},
  journal = {J. Chem. Phys.},
  year = {2003},
  volume = {118},
  pages = {70}
}

@ARTICLE{Garcia2006,
  author = {Garc\'\i{}a, E. Melero and Kivim\"aki, A. and Pettersson, L. G. M.
	and Ruiz, J. \'Alvarez and Coreno, M. and de Simone, M. and Richter,
	R. and Prince, K. C.},
  title = {Fluorescence Emission of Excited Hydrogen Atoms after Core Excitation
	of Water Vapor},
  journal = {Phys. Rev. Lett.},
  year = {2006},
  volume = {96},
  pages = {063003},
  number = {6}
}

@ARTICLE{Gaston06,
  author = {Gaston, N. and Schwerdtfeger, P.},
  title = {From the van der Waals dimer to the solid state of mercury with relativistic
	ab initio and density functional theory},
  journal = {Phys. Rev. B},
  year = {2006},
  volume = {74},
  pages = {024105},
  owner = {elke},
  timestamp = {2012.10.30}
}

@ARTICLE{RAuger2,
  author = {F. Gel'mukhanov and H. $\mathrm{\AA}$gren},
  journal = {Phys. Rep.},
  year = {1999},
  volume = {312},
  pages = {87}
}

@ARTICLE{Gell-Mann53,
  author = {Gell-Mann, M. and Goldberger, M. L.},
  title = {The Formal Theory of Scattering},
  journal = {Phys. Rev.},
  year = {1953},
  volume = {91},
  pages = {398},
  owner = {elkefasshauer},
  timestamp = {2013.10.27}
}

@ARTICLE{Ghosh14,
  author = {Ghosh, A. and Vaval, N. and Pal, S. and Bartlett, R. J.},
  title = {Complex absorbing potential based equation-of-motion coupled cluster
	method for the potential energy curve of CO$_2^{-}$ anion},
  journal = {J. Chem. Phys.},
  year = {2014},
  volume = {141},
  pages = {164113},
  owner = {elkefasshauer},
  timestamp = {2014.11.24}
}

@ARTICLE{Ginter04,
  author = {Ginter, M. L. and Eden, J. G.},
  journal = {Can. J. Chem.},
  year = {2004},
  volume = {82},
  pages = {762}
}

@ARTICLE{4,
  author = {K. Gokhberg and V. Averbukh and L. S. Cederbaum},
  title = {Decay rates of inner-valence excitations in noble gas atoms},
  journal = {J. Chem. Phys.},
  year = {2007},
  volume = {126},
  pages = {154107},
  number = {15}
}

@ARTICLE{Gokhberg07,
  author = {Gokhberg, K. and Averbukh, V. and Cederbaum, L. S.},
  title = {Decay rates of inner-valence excitations in noble gas atoms},
  journal = {J. Chem. Phys.},
  year = {2007},
  volume = {126},
  pages = {154107},
  owner = {elke},
  timestamp = {2012.10.29}
}

@ARTICLE{Gokhberg06,
  author = {Gokhberg, K. and Averbukh, V. and Cederbaum, L. S.},
  title = {{Interatomic decay of inner-valence-excited states in clusters}},
  journal = {J. Chem. Phys.},
  year = {2006},
  volume = {124},
  pages = {144315}
}

@ARTICLE{gokhberg2006,
  author = {Gokhberg, K. and Averbukh, V. and Cederbaum, L. S.},
  title = {{Interatomic decay of inner-valence-excited states in clusters}},
  journal = {J. Chem. Phys.},
  year = {2006},
  volume = {124},
  pages = {144315},
  number = {14},
  publisher = {AIP}
}

@ARTICLE{11,
  author = {Gokhberg, K. and Cederbaum, L. S.},
  title = {Interatomic Coulombic electron capture},
  journal = {Phys. Rev. A},
  year = {2010},
  volume = {82},
  pages = {052707},
  number = {5},
  month = {Nov},
  doi = {10.1103/PhysRevA.82.052707},
  numpages = {14},
  publisher = {American Physical Society}
}

@ARTICLE{8,
  author = {Kirill Gokhberg and Lorenz S Cederbaum},
  title = {Environment assisted electron capture},
  journal = {J. Phys. B},
  year = {2009},
  volume = {42},
  pages = {231001}
}

@ARTICLE{1,
  author = {K. Gokhberg and A. Glozman and E. Lifshitz and T. Maniv and M. C.
	Schlamp and P. Alivisatos},
  title = {Electron (hole) paramagnetic resonance of spherical CdSe nanocrystals},
  journal = {The Journal of Chemical Physics},
  year = {2002},
  volume = {117},
  pages = {2909-2913},
  number = {6}
}

@ARTICLE{9,
  author = {Gokhberg, K. and Kopelke, S. and Kryzhevoi, N. V. and Koloren\ifmmode
	\check{c}\else \v{c}\fi{}, P. and Cederbaum, L. S.},
  title = {Dependence of interatomic decay widths on the symmetry of the decaying
	state: Analytical expressions and ab initio results},
  journal = {Phys. Rev. A},
  year = {2010},
  volume = {81},
  pages = {013417}
}

@ARTICLE{Gokhberg10_1,
  author = {Gokhberg, K. and Kopelke, S. and Kryzhevoi, N. V. and Koloren\v{c},
	P. and Cederbaum, L. S.},
  title = {{Dependence of interatomic decay widths on the symmetry of the decaying
	state: Analytical expressions and ab initio results }},
  journal = {Phys. Rev. A},
  year = {2010},
  volume = {81},
  pages = {013417},
  number = {1},
  eid = {12},
  publisher = {AIP}
}

@ARTICLE{2,
  author = {K. Gokhberg and A.B. Trofimov and T. Sommerfeld and L. S. Cederbaum},
  title = {Ionization of metal atoms following valence-excitation of neighbouring
	molecules},
  journal = {Europhys. Lett.},
  year = {2005},
  volume = {72},
  pages = {228}
}

@ARTICLE{gokhberg2005,
  author = {K. Gokhberg and A.B. Trofimov and T. Sommerfeld and L. S. Cederbaum},
  title = {Ionization of metal atoms following valence-excitation of neighbouring
	molecules},
  journal = {Europhys. Lett.},
  year = {2005},
  volume = {72},
  pages = {228}
}

@ARTICLE{6,
  author = {K. Gokhberg and V. Vysotskiy and L. S. Cederbaum and L. Storchi and
	F. Tarantelli and V. Averbukh},
  title = {Molecular photoionization cross sections by Stieltjes--Chebyshev
	moment theory applied to Lanczos pseudospectra},
  journal = {J. Chem. Phys.},
  year = {2009},
  volume = {130},
  pages = {064104},
  number = {6}
}

@ARTICLE{Gouw1995,
  author = {J A de Gouw and J van Eck and A C Peters and J van der Weg and H
	G M Heideman},
  title = {Resonant Auger spectra of the 2p -1 nl states of argon},
  journal = {J. Phys. B},
  year = {1995},
  volume = {28},
  pages = {2127},
  number = {11}
}

@ARTICLE{grant88,
  author = {I. P. Grant and H. M. Quiney},
  journal = {AAMP},
  year = {1988},
  volume = {23},
  pages = {37}
}

@BOOK{bk:griffith1962,
  title = {The Irreducible Tensor Methods for Molecular Symmetry Groups},
  publisher = {Prentice-Hall International},
  year = {1962},
  author = {J. S. Griffith},
  address = {London}
}

@BOOK{gamessuk,
  title = {GAMESS-UK User's Guide and Reference Manual},
  publisher = {Daresbury Laboratory, Daresbury},
  year = {2001},
  author = {Guest, M. F. and Kendrick, J. and van Lenthe, J. H. and Schoeffel,
	K. and Sherwood, P. and van Dam, H. and Havenith, R. and Thomas,
	J.}
}

@BOOK{bk:golub1989,
  title = {Matrix Computations},
  publisher = {The John Hopkins University Press},
  year = {1989},
  author = {{H. Golub},G. and {F. Van Loan},C.},
  address = {Baltimor and London},
  edition = {second}
}

@ARTICLE{Ha03,
  author = {Ha, T.-K. and Rupper, P. and W?est, A. and Merkt, F.},
  journal = {Mol. Phys.},
  year = {2003},
  volume = {101},
  pages = {827},
  number = {6}
}

@ARTICLE{haddad1986,
  author = {G. N. Haddad and James A. R. Samson},
  title = {Total absorption and photoionization cross sections of water vapor
	between 100 and 1000 [A-ring]},
  journal = {J. Chem. Phys.},
  year = {1986},
  volume = {84},
  pages = {6623-6626},
  number = {12},
  doi = {10.1063/1.450715},
  keywords = {WATER VAPOR; PHOTOIONIZATION; TOTAL CROSS SECTIONS; ULTRAVIOLET SPECTRA;
	FAR ULTRAVIOLET RADIATION; EXTREME ULTRAVIOLET RADIATION; ACCURACY;
	ABSORPTION SPECTRA},
  publisher = {AIP},
  url = {http://link.aip.org/link/?JCP/84/6623/1}
}

@ARTICLE{Hagena87,
  author = {Hagena, O. F.},
  title = {Condensation in free jets: Comparison of rare gases and metals},
  journal = {Z. Phys. D},
  year = {1987},
  volume = {4},
  pages = {291},
  owner = {elkefasshauer},
  timestamp = {2014.03.13}
}

@ARTICLE{Hagena81,
  author = {Hagena, O. F.},
  title = {Nucleation and growth of clusters in expanding nozzle flows},
  journal = {Surf. Sci.},
  year = {1981},
  volume = {106},
  pages = {101},
  owner = {elkefasshauer},
  timestamp = {2014.03.13}
}

@ARTICLE{Hagena72,
  author = {Hagena, O. F. and Obert, W.},
  title = {Cluster Formation in Expanding Supersonic Jets: Effect of Pressure,
	Temperature, Nozzle Size, and Test Gas},
  journal = {The Journal of Chemical Physics},
  year = {1972},
  volume = {56},
  pages = {1793-1802},
  number = {5},
  doi = {http://dx.doi.org/10.1063/1.1677455},
  owner = {marko},
  timestamp = {2013.10.29},
  url = {http://scitation.aip.org/content/aip/journal/jcp/56/5/10.1063/1.1677455}
}

@ARTICLE{Hainfeld2004,
  author = {James F Hainfeld and Daniel N Slatkin and Henry M Smilowitz},
  title = {The use of gold nanoparticles to enhance radiotherapy in mice},
  journal = {Phys. Med. Biol.},
  year = {2004},
  volume = {49},
  pages = {N309},
  number = {18}
}

@ARTICLE{hald2002,
  author = {K. Hald and P. J{\o}rgensen and W. H. Breckenridge and M. Jaszunski},
  title = {Calculation of ground and excited state potential energy curves of
	the MgAr complex using the coupled cluster approximate method},
  journal = {Chem. Phys. Lett.},
  year = {2002},
  volume = {364},
  pages = {402-408}
}

@ARTICLE{haley:5487,
  author = {Terence P. Haley and Slawomir M. Cybulski},
  title = {Ground state potential energy curves for He--Kr, Ne--Kr, Ar--Kr,
	and Kr[sub 2]: Coupled-cluster calculations and comparison with experiment},
  journal = {The Journal of Chemical Physics},
  year = {2003},
  volume = {119},
  pages = {5487-5496}
}

@ARTICLE{Harbach13,
  author = {Harbach, P. H. P. and Schneider, M. and Faraji, S. and Dreuw, A.},
  title = {Intermolecular Coulombic Decay in Biology: the Initial Electron Detachment
	from FADH- in DNA Photolyases},
  journal = {J. Phys. Chem. Lett.},
  year = {2013},
  volume = {4},
  pages = {943},
  owner = {elke},
  timestamp = {2013.01.25}
}

@ARTICLE{Harris84,
  author = {Harris, I. A. and Kidwell, R. S. and Northby, J. A.},
  title = {Structure of Charged Argon Clusters Formed in a Free Jet Expansion},
  journal = {Phys. Rev. Lett.},
  year = {1984},
  volume = {53},
  pages = {2390},
  owner = {elke},
  timestamp = {2012.10.30}
}

@ARTICLE{Hartke02,
  author = {Hartke, B.},
  title = {Structural Transitions in Clusters},
  journal = {Angew. Chem. Int. Ed.},
  year = {2002},
  volume = {41},
  pages = {1468},
  owner = {elke},
  timestamp = {2013.11.05}
}

@ARTICLE{Hatsui05,
  author = {Hatsui, T. and Setoyama, H. and Kosugi, N. and Wassermann, B. and
	Bradenaunu, I. L. and Ruehl, E.},
  journal = {J. Chem. Phys.},
  year = {2005},
  volume = {123},
  pages = {211101},
  owner = {elkefasshauer},
  timestamp = {2014.03.13}
}

@ARTICLE{Havermeier10_1,
  author = {Havermeier, T. and Jahnke, T. and Kreidi, K. and Wallauer, R. and
	Voss, S. and Sch\"offler, M. and Sch\"ossler, S. and Foucar, L. and
	Neumann, N. and Titze, J. and Sann, H. and K\"uhnel, M. and Voigtsberger,
	J. and Morilla, J. H. and Sch\"ollkopf, W. and Schmidt-B\"ocking,
	H. and Grisenti, R. E. and D\"orner, R.},
  title = {{Interatomic Coulombic Decay following Photoionization of the Helium
	Dimer: Observation of Vibrational Structure}},
  journal = {Phys. Rev. Lett.},
  year = {2010},
  volume = {104},
  pages = {133401}
}

@ARTICLE{Havermeier10_2,
  author = {Havermeier, T. and Kreidi, K. and Wallauer, R. and Voss, S. and Sch\"offler,
	M. and Sch\"ossler, S. and Foucar, L. and Neumann, N. and Titze,
	J. and Sann, H. and K\"uhnel, M. and Voigtsberger, J. and Sisourat,
	N. and Sch\"ollkopf, W. and Schmidt-B\"ocking, H. and Grisenti, R.
	E. and D?rner, R. and Jahnke, T. },
  title = {{Angular distributions of photoelectrons and interatomic-Coulombic-decay
	electrons from helium dimers: Strong dependence on the internuclear
	distance}},
  journal = {Phys. Rev. A},
  year = {2010},
  volume = {82},
  pages = {063405},
  number = {6},
  publisher = {AIP}
}

@ARTICLE{hazi1978,
  author = {A.U. Hazi},
  title = {A purely $L^{2}$ method for calculating resonance widths},
  journal = {J. Phys. B},
  year = {1978},
  volume = {11},
  pages = {L259-L264}
}

@INPROCEEDINGS{hazi1979,
  author = {A. U. Hazi},
  booktitle = {Electron-Molecule and Photon-Molecule Collisions},
  year = {1979},
  editor = {T. Rescigno and V. McKoy and B. Schneider},
  address = {New York},
  publisher = {Plenum}
}

@ARTICLE{Hess96,
  author = {He?, B. A. and Marian, C. M. and Wahlgren, U. and Gropen, O.},
  journal = {Chem. Phys. Lett.},
  year = {1996},
  volume = {251},
  pages = {365}
}

@ARTICLE{Heinaesmaeki04,
  author = {Hein\"asm\"aki, S. and Aksela, H. and Nikkinen, J. and Kukk, E. and
	Kivim\"aki, A. and Aksela, S. and Fritzsche, S.},
  title = {Lifetime and Auger decay of strongly correlated 4p hole states of
	xenon},
  journal = {J. Elec. Spec. Rel. Phen.},
  year = {2004},
  volume = {137--140},
  pages = {281},
  owner = {elkefasshauer},
  timestamp = {2014.03.05}
}

@ARTICLE{Henshaw58,
  author = {Henshaw, D. G.},
  journal = {Phys. Rev.},
  year = {1958},
  volume = {111},
  pages = {1470},
  owner = {elke},
  timestamp = {2012.10.30}
}

@ARTICLE{herbst1981,
  author = {E. Herbst},
  title = {Can negative molecular ions be detected in dense interstellar clouds},
  journal = {Nature},
  year = {1981},
  volume = {289},
  pages = {656}
}

@MISC{Uweprivate,
  author = {U. Hergenhahn},
  note = {Private communication}
}

@ARTICLE{Hergenhahn12,
  author = {Hergenhahn, U.},
  title = {Production of low kinetic energy electrons and energetic ion pairs
	by Intermolecular Coulombic Decay},
  journal = {J. Rad. Biol.},
  year = {2012},
  volume = {88},
  pages = {871},
  owner = {elkefasshauer},
  timestamp = {2014.05.06}
}

@ARTICLE{Hergenhahn11,
  author = {Hergenhahn, U.},
  title = {{Interatomic and Intermolecular Coulombic Decay: The Early Years}},
  journal = {J. Electron Spectrosc. Relat. Phenom.},
  year = {2011},
  volume = {184},
  pages = {78}
}

@ARTICLE{Uwe_review,
  author = {Hergenhahn, U.},
  title = {{Interatomic and Intermolecular Coulombic Decay: The Early Years}},
  journal = {J. Electron Spectrosc. Relat. Phenom.},
  year = {2011},
  volume = {184},
  pages = {78}
}

@ARTICLE{Hergenhahn_1991,
  author = {U Hergenhahn and N M Kabachnik and B Lohmann},
  title = {Angular distribution in resonant Auger decay},
  journal = {J. Phys. B},
  year = {1991},
  volume = {24},
  pages = {4759},
  number = {22}
}

@ARTICLE{Hergenhahn2003,
  author = {U. Hergenhahn and A. R\"udel and K. Maier and A.M. Bradshaw and R.F.
	Fink and A.T. Wen},
  title = {The resonant Auger spectra of formic acid, acetaldehyde, acetic acid
	and methyl formate},
  journal = {Chem. Phys.},
  year = {2003},
  volume = {289},
  pages = {57 - 67}
}

@ARTICLE{Herman81,
  author = {Herman, M. F. and Freed, K. F. and Yeager, D. L.},
  journal = {Adv. Chem. Phys.},
  year = {1981},
  volume = {48},
  pages = {1}
}

@ARTICLE{Herman88,
  author = {Herman, P. R. and LaRocque, P. E. and Stoicheff, B. P.},
  journal = {J. Chem. Phys.},
  year = {1988},
  volume = {89},
  pages = {4535},
  number = {8}
}

@BOOK{bk:herzberg1966,
  title = {Molecular Spectra and Molecular Structure.III. Electronic Spectra
	and Electronic Structure of Polyatomic Molecules},
  publisher = {Van Nostrand},
  year = {1966},
  author = {G. Herzberg},
  address = {New York}
}

@BOOK{bk:herzberg1950,
  title = {Molecular Spectra and Molecular Structure. I. Spectra of Diatomic
	Molecules},
  publisher = {Van Nostrand},
  year = {1950},
  author = {G. Herzberg},
  address = {New York}
}

@ARTICLE{Hiraoka98,
  author = {Hiraoka, K. and Shimizu, A. and Minamitsu, A. and Nasu, M. and Wasada,
	H. and Yamabe, S.},
  journal = {J. Chem. Phys.},
  year = {1998},
  volume = {108},
  pages = {6689}
}

@PHDTHESIS{Hochstuhl_diss,
  author = {Hochstuhl, D.},
  title = {Multiconfiguration methods for the numerical simulation of photoionization
	processes of many-electron atoms},
  school = {Christian-Albrechts-Universit\"at zu Kiel},
  year = {2013},
  owner = {elkefasshauer},
  timestamp = {2015.09.04}
}

@ARTICLE{howat1978_2,
  author = {G. Howat},
  title = {The effect of orbital relaxation and interchannel interaction on
	magnesium K Auger transition rates},
  journal = {J. Phys. B},
  year = {1978},
  volume = {11},
  pages = {1589}
}

@ARTICLE{howat1978_1,
  author = {G. Howat and T. {\AA}berg and O. Goscinski},
  title = {Relaxation and final state channel mixing in the Auger effect},
  journal = {J. Phys. B},
  year = {1978},
  volume = {11},
  pages = {1575}
}

@ARTICLE{Howat78,
  author = {Howat, G. and {\AA}berg, T. and Goscinski, O.},
  title = {Relaxation and final-state channel mixing in the Auger effect},
  journal = {J. Phys. B},
  year = {1978},
  volume = {11},
  pages = {1575},
  owner = {elke},
  timestamp = {2012.02.22}
}

@ARTICLE{Howell_rev,
  author = {R. W. Howell},
  title = {Auger processes in the 21-st century},
  journal = {Int. J. Radiat. Biol.},
  year = {2008},
  volume = {84},
  pages = {959}
}

@ARTICLE{ichihara2000,
  author = {A. Ichihara and J. Eichler},
  journal = {At. Data Nucl. Data Tables},
  year = {2000},
  volume = {74},
  pages = {1}
}

@ARTICLE{Ilias07,
  author = {Ilia\v{s}, M. and Saue, T.},
  title = {An infinite-order two-component relativistic Hamiltonian by a simple
	one-step transformation},
  journal = {J. Chem. Phys.},
  year = {2007},
  volume = {126},
  pages = {064102}
}

@ARTICLE{illenberger1996,
  author = {Ing\'{o}lfsson, Oddur and Weik, Fritz and Illenberger, Eugen},
  title = {Formation and decay of negative ion resonances in gaseous and condensed
	molecules},
  journal = {Int Rev Phys Chem},
  year = {1996},
  volume = {15},
  pages = {133}
}

@ARTICLE{inoyatov2007,
  author = {A. Inoyatov and D.V. Filosofov and V.M. Gorozhankin and A. Koval?k
	and N.A. Lebedev and A.V. Lubashevskiy and A.F. Novgorodov and L.L.
	Perevoshchikov and Ts. Vylov and E.A. Yakushev},
  title = {The KLL Auger spectrum of neon from the EC-decay of 22Na},
  journal = {J. Electron Spectrosc. Relat. Phenom.},
  year = {2007},
  volume = {154},
  pages = {79 - 82},
  number = {3}
}

@ARTICLE{isenor1989,
  author = {N. R. Isenor and J. Qi},
  title = {Anomalous fragmentation in the electron impact ionisation of SF6
	and SiF4 in Ar clusters},
  journal = {Chem. Phys. Lett.},
  year = {1989},
  volume = {155},
  pages = {283}
}

@ARTICLE{ivanov2006,
  author = {I.A. Ivanov and A.S. Kheifetz},
  title = {Helium atom in the monochromatic electromagnetic field},
  journal = {Eur. Phys. J. D},
  year = {2006},
  volume = {38},
  pages = {249-255}
}

@ARTICLE{ivanov1994,
  author = {V. K. Ivanov and J. B. West and G. F. Gribakin and A. A. Gribakina},
  journal = {Z. Phys. D},
  year = {1994},
  volume = {829},
  pages = {109-114}
}

@ARTICLE{J?ger93,
  author = {J?ger, W. and Xu, Y. and Gerry, M. C. L.},
  journal = {J. Chem. Phys},
  year = {1993},
  volume = {99},
  pages = {919}
}

@BOOK{Jackson06,
  title = {Klassische Elektrodynamik},
  publisher = {Walter de Gruyter GmbH},
  year = {2006},
  author = {Jackson, J. D.},
  owner = {elke},
  timestamp = {2011.04.11}
}

@BOOK{bk:jackson1998,
  title = {Classical Electrodynamics},
  publisher = {Wiley},
  year = {1998},
  author = {J. D. Jackson},
  address = {NY},
  edition = {3rd}
}

@ARTICLE{PhysRevA.9.1938,
  author = {Jacobs, V. L.},
  title = {Photoionization from excited states of helium},
  journal = {Phys. Rev. A},
  year = {1974},
  volume = {9},
  pages = {1938}
}

@ARTICLE{Jahnke15,
  author = {Jahnke, T. },
  title = {{Interatomic and intermolecular Coulombic decay: the coming of age
	story}},
  journal = {J. Phys. B: Atomic, Molecular and Optical Physics},
  year = {2015},
  volume = {48},
  pages = {082001},
  note = {experiment \& theory},
  doi = {http://dx.doi.org/10.1088/0953-4075/48/8/082001},
  issue = {8},
  numpages = {20}
}

@ARTICLE{Jahnke04,
  author = {Jahnke, T. and Czasch, A. and Sch{\"o}ffler, M. S. and Sch{\"o}ssler,
	S. and Knapp, A. and K{\"a}sz, M. and Titze, J. and Wimmer, C. and
	Kreidi, K. and Grisenti, R. E. and Staudte, A. and Jagutzki, O. and
	Hergenhahn, U. and Schmidt-B{\"o}cking, H. and D{\"o}rner, R.},
  title = {Experimental Observation of Interatomic Coulombic Decay in Neon Dimers},
  journal = {Phys. Rev. Lett.},
  year = {2004},
  volume = {93},
  pages = {163401},
  number = {16},
  eid = {4},
  publisher = {American Physical Society}
}

@ARTICLE{jahnke2004,
  author = {T. Jahnke and A. Czasch and M.S. Sch\"offler and S. Sch\"ossler and
	A. Knapp and M. K\"asz and J. Titze and C. Wimmer and K. Kreidi and
	R.E. Grisenti and A. Staudte and O. Jagutzki and U. Hergenhahn and
	H. Schmidt-B\"ocking and R. D\"orner},
  journal = {Phys.\ Rev.\ Lett.},
  year = {2004},
  volume = {93},
  pages = {163401}
}

@ARTICLE{Jahnke10,
  author = {Jahnke, T. and Sann, H. and Havermeier, T. and Kreidi, K. and Stuck,
	C. and Meckel, M. and Sch{\"o}ffler, M. and Neumann, N. and Wallauer,
	R. and Voss, S. and Czasch, A. and Jagutzki, O. and Malakzadeh, A.
	and Afaneh, F. and Weber, Th. and Schmidt-B{\"o}cking, H. and D{\"o}rner,
	R.},
  title = {{Ultrafast energy transfer between water molecules}},
  journal = {Nature Physics},
  year = {2010},
  volume = {6},
  pages = {139}
}

@ARTICLE{Jahnke2010,
  author = {Jahnke, T. and Sann, H. and Havermeier, T. and Kreidi, K. and Stuck,
	C. and Meckel, M. and Sch{\"o}ffler, M. and Neumann, N. and Wallauer,
	R. and Voss, S. and Czasch, A. and Jagutzki, O. and Malakzadeh, A.
	and Afaneh, F. and Weber, Th. and Schmidt-B{\"o}cking, H. and D{\"o}rner,
	R.},
  title = {Ultrafast energy transfer between water molecules},
  journal = {Nat. Phys.},
  year = {2010},
  volume = {6},
  pages = {139}
}

@BOOK{bk:jammer1966,
  title = {The conceptual development of quantum mechanics},
  publisher = {McGraw-Hill},
  year = {1966},
  author = {M. Jammer},
  address = {NY}
}

@ARTICLE{Jans97,
  author = {Jans, W. and M\"obus, B. and K\"uhne, M. and Ulm, G. and Werner,
	A. and Schartner, K.-H.},
  journal = {Phys. Rev. A},
  year = {1997},
  volume = {55},
  pages = {1890},
  owner = {elkefasshauer},
  timestamp = {2014.04.22}
}

@BOOK{jens97,
  title = {Einf?hrung in die Methoden der Quantenchemie},
  publisher = {http://www.chem.uni-wuppertal.de/adressen/jensen\_new.shtml\#vorlesungen},
  year = {1997},
  author = {Per Jensen},
  month = {Dezember}
}

@ARTICLE{jolicard1986,
  author = {G. Jolicard and E.J. Austin},
  title = {Optical potential method of calculating resonance energies and widths},
  journal = {Chem. Phys.},
  year = {1986},
  volume = {103},
  pages = {295}
}

@ARTICLE{jolicard1985,
  author = {G. Jolicard and E.J. Austin},
  title = {Optical potential stabilisation method for predicting resonance levels},
  journal = {Chem. Phys. Lett.},
  year = {1985},
  volume = {121},
  pages = {106}
}

@ARTICLE{Kaiser12,
  author = {Kaiser, J. and Leppert, L. and Welz, H. and Polzer, F. and Wunder,
	S. and Wanderka, N. and Albrecht, M. and Lunkenbein, T. and Breu,
	J. and K{\"u}mmel, S. and Lu, Y. and Ballauff, M.},
  title = {Catalytic reactivity of nanoalloys from gold and palladium},
  journal = {Phys. Chem. Chem. Phys.},
  year = {2012},
  volume = {14},
  pages = {6487},
  owner = {elke},
  timestamp = {2012.10.31}
}

@ARTICLE{kamke1989,
  author = {B. Kamke and W. Kamke and R. Herrmann and I. V. Hertel},
  title = {Exciton absorption and intramolecular Penning ionisation in small
	clusters I.},
  journal = {Z. Phys. D},
  year = {1989},
  volume = {11},
  pages = {153}
}

@ARTICLE{kamke1987,
  author = {B. Kamke and W. Kamke and Z. Wang and E. R\"uhl and B. Brutschy},
  title = {Origin of line shapes from intramolecular penning ionisation in Benzene-argon
	clusters},
  journal = {J. Chem. Phys.},
  year = {1987},
  volume = {86},
  pages = {2525}
}

@ARTICLE{kamke1985,
  author = {W. Kamke and B. Kamke and H.U. Kiefl and I.V. Hertel},
  title = {Intramolecular penning ionisation in Bn - rare gas clusters},
  journal = {Chem. Phys. Lett.},
  year = {1985},
  volume = {122},
  pages = {356}
}

@ARTICLE{kamke1986,
  author = {W. Kamke and B. Kamke and H.U. Kiefl and Z. Wang and I.V. Hertel},
  title = {Intramolecular penning ionisation in organic molecule- rare gas clusters},
  journal = {Chem. Phys. Lett.},
  year = {1986},
  volume = {128},
  pages = {399}
}

@ARTICLE{Kapur38,
  author = {Kapur, P. L. and Peierls, R.},
  title = {The dispersion formula for nuclear reactions},
  journal = {Proc. Roy. Soc. London A},
  year = {1938},
  pages = {277},
  owner = {elkefasshauer},
  timestamp = {2013.10.27}
}

@ARTICLE{molcas5,
  author = {G. Karlstr\"om and R. Lindh and P.-?. Malmqvist and B. O. Roos and
	U. Ryde and V. Veryazov and P.-O. Widmark and M. Cossi and B. Schimmelpfennig
	and P. Neogrady and L. Seijo},
  journal = {Computational Material Science},
  year = {2003},
  volume = {28},
  pages = {222}
}

@ARTICLE{Karnbach93,
  author = {Karnbach, R. and Joppien, M. and Stapelfeldt, J. and W\"ormer, J.},
  title = {CLULU: An experimental setup for luminescence measurements on van
	der Waals clusters with synchrotron radiation},
  journal = {Rev. Sci. Instrum.},
  year = {1993},
  volume = {64},
  pages = {2838},
  owner = {elkefasshauer},
  timestamp = {2014.05.07}
}

@ARTICLE{kaspar1979,
  author = {F. Kaspar and W. Domcke and L. S. Cederbaum},
  journal = {Chem. Phys.},
  year = {1979},
  volume = {44},
  pages = {33}
}

@ARTICLE{katsuura1965,
  author = {K. Katsuura},
  title = {Ionization of atoms by collision with Excited atoms},
  journal = {J. Chem. Phys.},
  year = {1965},
  volume = {42},
  pages = {3771}
}

@ARTICLE{kaufmann1989,
  author = {K. Kaufmann and W. Baumeister and M. Jungen},
  journal = {J. Phys. B},
  year = {1989},
  volume = {22},
  pages = {2223}
}

@ARTICLE{Kaufmann89,
  author = {K. Kaufmann and W. Baumeister and M. Jungen},
  journal = {J. Phys. B},
  year = {1989},
  volume = {22},
  pages = {2223},
  owner = {elkefasshauer},
  timestamp = {2014.03.05}
}

@MISC{kellogg97,
  author = {Kellogg, C. B.},
  title = {An Introduction to Relativistic Electronic Structure Theory in Quantum
	Chemistry},
  year = {1997}
}

@ARTICLE{Kelly75,
  author = {Kelly, H. P.},
  journal = {Phys. Rev. A},
  year = {1975},
  volume = {11},
  pages = {556},
  owner = {elkefasshauer},
  timestamp = {2014.03.22}
}

@ARTICLE{kim2000,
  author = {D.-S. Kim and S. S. Tayal},
  journal = {J. Phys. B},
  year = {2000},
  volume = {33},
  pages = {3235}
}

@ARTICLE{Kim11,
  author = {Kim, H.-K. and Titze, J. and Sch\"offler, M. and Trinter, F. and
	Waitz, M. and Voigtsberger, J. and Sann, H. and Meckel, M. and Stuck,
	C. and Lenz, U. and Odenweller, M. and Neumann, N. and Sch\"ossler,
	S. and Ullmann-Pfleger, K. and Ulrich, B. and Costa Fraga, R. and
	Petridis, N. and Metz, D. and Jung, A. and Grisenti, R. and Czasch,
	A. and Jagutzki, O. and Schmidt, L. and Jahnke, T. and Schmidt-B\"ocking,
	H. and D\"orner, R.},
  title = {Enhanced production of low energy electrons by alpha particle impact},
  journal = {Proc. Nat. Acad. Sci.},
  year = {2011},
  volume = {108},
  pages = {11821},
  owner = {elkefasshauer},
  timestamp = {2014.05.06}
}

@ARTICLE{King77,
  author = {King, G. C. and Tronc, M. and Read, F. H. and Bradford, R. C.},
  title = {An investigation of the structure near the L$_{2,3}$ edges of argon,
	the M$_{4,5}$ edges of krypton and the N$_{4,5}$ edges of xenon,
	using electron impact with high resolution},
  journal = {J. Phys. B},
  year = {1977},
  volume = {10},
  pages = {2479},
  owner = {elkefasshauer},
  timestamp = {2014.03.19}
}

@ARTICLE{kirchhoff1860,
  author = {G. R. Kirchhoff and R. Bunsen},
  journal = {Ann. Phys.},
  year = {1860},
  volume = {110},
  pages = {160}
}

@ARTICLE{Kivimaki2005,
  author = {Kivim\"aki, A. and Sorensen, S. L. and Tchaplyguine, M. and Gisselbrecht,
	M. and Marinho, R. R. T. and Feifel, R. and \"Ohrwall, G. and Svensson,
	S. and Bj\"orneholm, O. },
  title = {Resonant Auger spectroscopy of argon clusters at the $2p$ threshold},
  journal = {Phys. Rev. A},
  year = {2005},
  volume = {71},
  pages = {033204}
}

@INCOLLECTION{Klaiman12,
  author = {Klaiman, S. and Gilary, I.},
  title = {On Resonance: A First Glance into the Behaviour of Unstable States},
  booktitle = {Adv. Quant. Chem.},
  publisher = {Elsevier},
  year = {2012},
  volume = {63},
  chapter = {1},
  pages = {1-31},
  owner = {elkefasshauer},
  timestamp = {2014.02.28}
}

@PHDTHESIS{KnechtPHD,
  author = {Knecht, S. R.},
  title = {Parallel Relativistic Multiconfiguration Methods: New Powerful Tools
	for Heavy-Element Electronic-Structure Studies},
  school = {University of Duesseldorf},
  year = {2009},
  owner = {elke},
  timestamp = {2012.03.13}
}

@ARTICLE{Knight84,
  author = {Knight, W. D. and Clemenger, K. and de Heer, W. A. and Saunders,
	W. A. and Chou, M. Y. and Cohen, M. L.},
  title = {Electronic Shell Structure and Abundances of Sodium Clusters},
  journal = {Phys. Rev. Lett.},
  year = {1984},
  volume = {52},
  pages = {2141},
  owner = {elke},
  timestamp = {2012.10.30}
}

@ARTICLE{Knop98,
  author = {Knop, A. and Wassermann, B. and Ruehl, E.},
  journal = {Phys. Rev. Lett.},
  year = {1998},
  volume = {80},
  pages = {2302},
  owner = {elkefasshauer},
  timestamp = {2014.03.13}
}

@ARTICLE{koch1990,
  author = {H. Koch and P. J{\o}rgensen},
  journal = {J. Chem.Phys.},
  year = {1990},
  volume = {93},
  pages = {3333}
}

@ARTICLE{koch1990_2,
  author = {H. Koch and H. J. A. Jensen and P. J?rgensen and T. Helgaker},
  journal = {J. Chem.Phys.},
  year = {1990},
  volume = {93},
  pages = {3345}
}

@MISC{Kolorenc_private,
  author = {Koloren\v{c}, P.},
  note = {private communication}
}

@ARTICLE{Kolorenc11,
  author = {Koloren\v{c}, P. and Averbukh, V.},
  title = {K-Shell Auger lifetime variation in doubly ionized Ne and first row
	hydrides},
  journal = {J. Chem. Phys.},
  year = {2011},
  volume = {135},
  pages = {134314},
  owner = {elkefasshauer},
  timestamp = {2014.03.22}
}

@ARTICLE{5,
  author = {P\v{r}emysl Koloren\v{c} and Vitali Averbukh and Kirill Gokhberg
	and Lorenz S. Cederbaum},
  title = {Ab initio calculation of interatomic decay rates of excited doubly
	ionized states in clusters},
  journal = {J. Chem. Phys.},
  year = {2008},
  volume = {129},
  pages = {244102},
  number = {24}
}

@ARTICLE{Kolorenc10,
  author = {Koloren\v{c}, P. and Kryzhevoi, N. V. and Sisourat, N. and Cederbaum,
	L. S.},
  title = {{Interatomic Coulombic decay in a He dimer: Ab initio potential energy
	curves and decay widths }},
  journal = {Phys. Rev. A},
  year = {2010},
  volume = {82},
  pages = {013422},
  number = {1},
  publisher = {AIP}
}

@ARTICLE{Kolorenc08,
  author = {Kolorenc, P. and Averbukh, V. and Gokhberg, K. and Cederbaum, L.
	S.},
  title = {{Ab initio calculation of interatomic decay rates of excited doubly
	ionized states in clusters}},
  journal = {J. Chem. Phys.},
  year = {2008},
  volume = {129},
  pages = {244102},
  doi = {http://dx.doi.org/10.1063/1.3043437}
}

@UNPUBLISHED{kolorenc,
  author = {P. Kolorenc{, et al}}
}

@ARTICLE{Koopmans33,
  author = {Koopmans, T.},
  title = {?ber die Zuordnung von Wellenfunktionen und Eigenwerten zu den Einzelnen
	Elektronen Eines Atoms},
  journal = {Physica (Amsterdam)},
  year = {1933},
  volume = {1},
  pages = {104}
}

@ARTICLE{Kopelke12,
  author = {Kopelke, S. and Chiang, Y. -C. and Gokhberg, K. and Cederbaum, L.
	S. },
  title = {{Quenching molecular photodissociation by intermolecular Coulombic
	decay}},
  journal = {J. Chem. Phys.},
  year = {2012},
  volume = {137},
  pages = {034302},
  issue = {3}
}

@ARTICLE{Kopelke11,
  author = {Kopelke, S. and Gokhberg, K. and Averbukh, V. and Tarantelli, A.
	and Cederbaum, L. S.},
  title = {Ab initio interatomic decay widths of excited states by applying
	Stieltjes imaging to Lanczos pseudospectra},
  journal = {J. Chem. Phys.},
  year = {2011},
  volume = {134},
  pages = {094107},
  owner = {elkefasshauer},
  timestamp = {2014.04.09}
}

@ARTICLE{Kopelke09,
  author = {S. Kopelke and K. Gokhberg and L. S. Cederbaum and V. Averbukh},
  title = {Calculation of resonant interatomic Coulombic decay widths of inner-valence-excited
	states delocalized due to inversion symmetry},
  journal = {J. Chem. Phys.},
  year = {2009},
  volume = {130},
  pages = {144103}
}

@MISC{NIST2014,
  author = {A. E. Kramida and Yu. Ralchenko and J. Reader and NIST ASD Team (2013)},
  title = {NIST Atomic Spectra Database (version 5.1)},
  month = {April},
  year = {2014},
  note = {Online}
}

@ARTICLE{Krause81,
  author = {Krause, Manfred O. and Carlson, Thomas A. and Woodruff, Pamela R.},
  title = {Angular distribution of photoelectrons of Xe $5p$ spin-orbit components
	between 20 and 105 eV},
  journal = {Phys. Rev. A},
  year = {1981},
  volume = {24},
  pages = {1374--1379},
  number = {3},
  month = {Sep},
  keywords = {branching ratio p3/2 p 1/2 of xenon 5p},
  numpages = {5},
  publisher = {American Physical Society}
}

@ARTICLE{Kreidi09,
  author = {Kreidi, K. and Demekhin, Ph. V. and Jahnke, T. and Weber, Th. and
	Havermeier, T. and Liu, X. and Morisita, Y. and Sch?ssler, S. and
	Schmidt, L.Ph.H. and Sch?ffler, M. and Odenweller, M. and Neumann,
	N. and Foucar, L. and Titze, J. and Ulrich, B. and Sturm, F. and
	Stuck, C. and Wallauer, R. and Voss, S. and Lauter, I. and Kim, H.
	K. and Rudloff, M. and Fukuzawa, H. and Pr?mper, G. and Saito, N.
	and Ueda, K. and Czasch, A. and Jagutzki, O. and Schmidt-B?cking,
	H. and Scheit, S. and Cederbaum, L. S. and Dorner, R.},
  title = {{Photo- and Auger-Electron Recoil Induced Dynamics of Interatomic
	Coulombic Decay}},
  journal = {Phys. Rev. Lett. },
  year = {2009},
  volume = {103},
  pages = {033001},
  doi = {http://dx.doi.org/10.1103/PhysRevLett.103.033001}
}

@ARTICLE{kreidi2008_1,
  author = {Kreidi, K. and Jahnke, T. and Weber, Th. and Havermeier, T. and Grisenti,
	R. E. and Liu, X.-J. and Morisita, Y. and Sch?ssler, S. and Schmidt,
	L.Ph.H. and Sch?ffler, M. and Odenweller, M. and Neumann, N. and
	Foucar, L. and Titze, J. and Ulrich, B. and Sturm, F. and Stuck,
	C. and Wallauer, R. and Voss, S. and Lauter, I. and Kim, H. K. and
	Rudloff, M. and Fukuzawa, H. and Pr?mper, G. and Saito, N. and Ueda,
	K. and Czasch, A. and Jagutzki, O. and Schmidt-B?cking, H. and Semenov,
	S. K. and Cherepkov, N. A. and D?rner, R.},
  title = {{Localization of inner-shell photoelectron emission and interatomic
	Coulombic decay in Ne2}},
  journal = {J. Phys. B: Atomic, Molecular and Optical Physics},
  year = {2008},
  volume = {41},
  pages = {101002},
  number = {10}
}

@ARTICLE{Kreidi08_2,
  author = {Kreidi, K. and Jahnke, T. and Weber, Th. and Havermeier, T. and Liu,
	X. and Morisita, Y. and Sch?ssler, S. and Schmidt, L.Ph.H. and Sch?ffler,
	M. and Odenweller, M. and Neumann, N. and Foucar, L. and Titze, J.
	and Ulrich, B. and Sturm, F. and Stuck, C. and Wallauer, R. and Voss,
	S. and Lauter, I. and Kim, H. K. and Rudloff, M. and Fukuzawa, H.
	and Pr?mper, G. and Saito, N. and Ueda, K. and Czasch, A. and Jagutzki,
	O. and Schmidt-B?cking, H. and Stoychev S. and Demekhin, Ph. V. and
	Dorner, R.},
  title = {{Relaxation processes following 1s photoionization and Auger decay
	in Ne2}},
  journal = {Phys. Rev. A },
  year = {2008},
  volume = {78},
  pages = {043422},
  number = {4},
  publisher = {APS}
}

@ARTICLE{kryzhevoi2007,
  author = {N. V. Kryzhevoi and V. Averbukh and L. S. Cederbaum},
  title = {High activity of helium droplets following ionisation of systems
	inside those droplets},
  journal = {Phys. Rev. B},
  year = {2007},
  volume = {76},
  pages = {094513}
}

@ARTICLE{Kryzhevoi11_1,
  author = {Kryzhevoi, N. V. and Cederbaum, L. S.},
  title = {{Using pH Value To Control Intermolecular Electronic Decay}},
  journal = {Angew. Chem. Int. Ed.},
  year = {2011},
  volume = {50},
  pages = {1306},
  issue = {6}
}

@ARTICLE{Kryzhevoi2011,
  author = {Kryzhevoi, N. V. and Cederbaum, L. S.},
  title = {{Using pH Value To Control Intermolecular Electronic Decay}},
  journal = {Angew. Chem. Int. Ed.},
  year = {2011},
  volume = {50},
  pages = {1306},
  issue = {6}
}

@BOOK{Kukulin_book,
  title = {Theory of Resonances},
  publisher = {Kluwer Academic Publishers},
  year = {1989},
  editor = {Formanek, J.},
  author = {Kukulin, V. I. and Krasnopol'sky, V. M. and Horacek, J.},
  owner = {elkefasshauer},
  timestamp = {2014.04.15}
}

@ARTICLE{kul07,
  author = {Alexander I. Kuleff and Lorenz S. Cederbaum},
  title = {Charge migration in different conformers of glycine: The role of
	nuclear geometry},
  journal = {Chemical Physics},
  year = {2007},
  volume = {338},
  pages = {320--328}
}

@ARTICLE{10,
  author = {Kuleff, Alexander I. and Gokhberg, Kirill and Kopelke, S\"oren and
	Cederbaum, Lorenz S.},
  title = {Ultrafast Interatomic Electronic Decay in Multiply Excited Clusters},
  journal = {Phys. Rev. Lett.},
  year = {2010},
  volume = {105},
  pages = {043004}
}

@ARTICLE{sanche_2005,
  author = {{L. Sanche}},
  title = {Low energy electron-driven damage in biomolecules},
  journal = {Eur. Phys. J. D},
  year = {2005},
  volume = {35},
  pages = {367-390}
}

@ARTICLE{Lablanquie07,
  author = {Lablanquie, P. and Aoto, T. and Hikosaka, Y. and Morioka, Y. and
	Penent, F. and Ito, K.},
  title = {{Appearance of interatomic Coulombic decay in Ar, Kr, and Xe homonuclear
	dimers}},
  journal = {J. Chem. Phys.},
  year = {2007},
  volume = {127},
  pages = {154323},
  number = {15},
  eid = {9},
  publisher = {AIP}
}

@ARTICLE{PhysRevLett.84.431,
  author = {Lablanquie, P. and Penent, F. and Hall, R. I. and Eland, J. H. D.
	and Bolognesi, P. and Cooper, D. and King, G. C. and Avaldi, L. and
	Camilloni, R. and Stranges, S. and Coreno, M. and Prince, K. C. and
	M\"uehleisen, A. and Z\ifmmode \breve{}\else \u{}\fi{}itnik, M. },
  title = {Observation and Characterization of the Fluorescence Decay of the
	$2s2p6np1Po$ Excited States of Ne},
  journal = {Phys. Rev. Lett.},
  year = {2000},
  volume = {84},
  pages = {431}
}

@BOOK{bk:lancaster1985,
  title = {The Theory of Matrices},
  publisher = {Academic Press},
  year = {1985},
  author = {P. Lancaster and M. Tismenetsky},
  address = {Orlando, Florida},
  edition = {second}
}

@ARTICLE{lanczos1950,
  author = {C. Lanczos},
  title = {An Iteraion Method for the Solution of the Eigenvalue Problem of
	Linear Differential and Integral Operators},
  journal = {J. Res. Nat. Bur. Stand.},
  year = {1950},
  volume = {45},
  pages = {255-82}
}

@INPROCEEDINGS{langhoff1979,
  author = {P.W. Langhoff},
  booktitle = {Electron-Molecule and Photon-Molecule Collisions},
  year = {1979},
  editor = {T. Rescigno and V. McKoy and B. Schneider},
  address = {New York},
  publisher = {Plenum}
}

@ARTICLE{Langhoff76,
  author = {Langhoff, P. W. and Corcoran, C. T. and Sims, J. S. Weinhold, F.
	and Glover, R. M.},
  title = {Moment-theory investigations of photoabsorption and dispersion in
	atoms and ions},
  journal = {Phys. Rev. A},
  year = {1976},
  volume = {14},
  pages = {1042},
  number = {3}
}

@ARTICLE{langseth1956,
  author = {A. Langseth and B.P. Stoicheff},
  title = {Contains eqv. geom of benzene},
  journal = {Can. J. Phys.},
  year = {1956},
  volume = {34},
  pages = {350}
}

@ARTICLE{Lauer99,
  author = {Lauer, S. and Liebel, H. and Vollweiler, F. and Schmoranzer, H. and
	Lagutin, B. M. and Demekhin, P. V. and Petrov, I. D. and Soukhorukov,
	V. L.},
  title = {Lifetimes of the $n$s$^1$$n$p$^6$ $^2$S$_{frac 12}$ states of singly
	ionized argon, krypton and xenon},
  journal = {J. Phys. B: At. Mol. Opt. Phys.},
  year = {1999},
  volume = {32},
  pages = {2015},
  keywords = {lifetimes argon 3s-1-> 3p-1},
  owner = {elke},
  timestamp = {2011.04.11}
}

@ARTICLE{leung1999,
  author = {A.W. Leung and R.R Julian and W.H. Breckenridge},
  journal = {J. Chem. Phys.},
  year = {1999},
  volume = {111},
  pages = {4999}
}

@ARTICLE{Levin1963275,
  author = {F.S. Levin},
  title = {Inclusion of exchange effects in collision theory},
  journal = {Nuclear Physics},
  year = {1963},
  volume = {46},
  pages = {275 - 283}
}

@ARTICLE{Lewenstein94,
  author = {Lewenstein, M. and Balcou, Ph. and Ivanov, M. Yu. and L'Huillier,
	A. and Corkum, P.B.},
  title = {Theory of high-harmonic generation in low-frequency laser fields},
  journal = {Phys. Rev. A},
  year = {1994},
  volume = {49},
  pages = {2117},
  owner = {elkefasshauer},
  timestamp = {2015.09.04}
}

@ARTICLE{Lindblad11,
  author = {Lindblad, A. and Rander, T. and \"Ohrwall, G. and Bj\"orneholm, O.
	and Mucke, M. and Ulrich, V. and Lischke, T. and Hergenhahn, U},
  title = {Chemical shifts of small heterogeneous Ar/Xe clusters},
  journal = {Phys. Rev. B},
  year = {2011},
  volume = {83},
  pages = {125414},
  owner = {elkefasshauer},
  timestamp = {2014.04.19}
}

@ARTICLE{Liu07,
  author = {Liu, X.-J. and Saito, N. and Fukuzawa, H. and Morishita, Y. and Stoychev,
	S. and Kuleff, A. and Suzuki, I. H. and Tamenori, Y. and Richter,
	R. and Pr?mper, G. and Ueda, K.},
  title = {{Evidence of sequential interatomic decay in argon trimers obtained
	by electron-triple-ion coincidence spectroscopy}},
  journal = {J. Phys. B: Atomic, Molecular and Optical Physics},
  year = {2007},
  volume = {40},
  pages = {F1},
  doi = {http://dx.doi.org/10.1088/0953-4075/40/1/F01}
}

@ARTICLE{Lundwall06,
  author = {Lundwall, M. and Lindblad, A. and Bergersen, H. and Rander, T. and
	?hrwall, G. and Tchaplyguine, M. and Svensson, S. and Bj?rneholm,
	O.},
  journal = {J. Chem. Phys.},
  year = {2006},
  volume = {125},
  pages = {014305}
}

@ARTICLE{Lundwall07,
  author = {Lundwall, M. and Pokapanich, W. and Bergersen, H. and Lindblad, A.
	and Rander, T. and \"Ohrwall, G. and Tchaplyguine, M. and Barth,
	S. and Hergenhahn, U. and Svensson, S. and Bj\"orneholm, O.},
  title = {Self-assembled heterogeneous argon/neon core-shell clusters studied
	by photoelectron spectroscopy},
  journal = {J. Chem. Phys.},
  year = {2007},
  volume = {126},
  pages = {214706}
}

@ARTICLE{Lundwall04,
  author = {Lundwall, M. and Tchaplyguine, M. and ?hrwall, G. and Feifel, R.
	and Lindblad, A. and Lindgren, A. and S?rensen, S. and Svensson,
	S. and Bj?rneholm O.},
  journal = {Chem. Phys. Lett.},
  year = {2004},
  volume = {392},
  pages = {433}
}

@ARTICLE{Luyken72,
  author = {Luyken, B. F. J. and de Heer, F. J. and Baas, R. C.},
  journal = {Physica},
  year = {1972},
  volume = {61},
  pages = {200},
  owner = {elkefasshauer},
  timestamp = {2014.04.22}
}

@ARTICLE{lyalin2003,
  author = {A. Lyalin and I.A. Solov'yov and A.V. Solov'yov and W. Greiner},
  journal = {Phys. Rev. A},
  year = {2003},
  volume = {67},
  pages = {063203}
}

@PHDTHESIS{ibmphd,
  author = {I. B. M{\"u}ller},
  title = {The interplay between electronic decay and microsolvation.},
  school = {Universit{\"a}t Heidelberg},
  year = {2006},
  note = {in German}
}

@ARTICLE{Mueller06,
  author = {M{\"u}ller, I. B. and Cederbaum, L. S.},
  title = {{Ionization and double ionization of small water clusters}},
  journal = {J. Chem. Phys.},
  year = {2006},
  volume = {125},
  pages = {204305},
  issue = {20},
  publisher = {AIP}
}

@ARTICLE{Muller2006,
  author = {M{\"u}ller, I. B. and Cederbaum, L. S.},
  title = {{Ionization and double ionization of small water clusters}},
  journal = {J. Chem. Phys.},
  year = {2006},
  volume = {125},
  pages = {204305},
  publisher = {AIP}
}

@INPROCEEDINGS{MuellerPlathe90,
  author = {M{\"u}ller-Plathe, F. and Diercksen, G. H. F.},
  title = {Molecular photoionisation cross sections by moment theory. An introduction},
  booktitle = {Electronic Structure of Atoms, Molecules and Solids},
  year = {1990},
  publisher = {Kluwer Academic Publishers},
  owner = {elkefasshauer},
  timestamp = {2012.10.25}
}

@ARTICLE{MuellerPlathe89,
  author = {M{\"u}ller-Plathe, F. and Diercksen, G. H. F.},
  title = {Perturbative-polarization-propagator study of the photoionization
	cross section of the water moecule},
  journal = {Phys. Rev. A},
  year = {1989},
  volume = {40},
  pages = {696},
  number = {2}
}

@ARTICLE{Maentykenttae93,
  author = {M\"antykentt\"a, A.},
  title = {Channel interaction and relaxation effects in Xe N${_4,5}$OO Auger
	transitions},
  journal = {Phys. Rev.},
  year = {1993},
  volume = {47},
  pages = {3961},
  owner = {elkefasshauer},
  timestamp = {2014.03.19}
}

@ARTICLE{mueller2008,
  author = {A. M\"uller},
  journal = {Adv. At. Mol. Opt. Phys.},
  year = {2008},
  volume = {55},
  pages = {293}
}

@ARTICLE{PhysRevLett.104.233202,
  author = {M\"uller, C. and Voitkiv, A. B. and L\'opez-Urrutia, J. R. Crespo
	and Harman, Z. },
  title = {Strongly Enhanced Recombination via Two-Center Electronic Correlations},
  journal = {Phys. Rev. Lett.},
  year = {2010},
  volume = {104},
  pages = {233202}
}

@ARTICLE{Mackay62,
  author = {Mackay, A. L.},
  title = {A dense non-crystallographic packing of equal spheres},
  journal = {Acta Cryst.},
  year = {1962},
  volume = {15},
  pages = {916},
  owner = {elkefasshauer},
  timestamp = {2014.03.05}
}

@ARTICLE{malinowski2002,
  author = {P. Malinowski and L. Meissner and A. Nowaczuk},
  journal = {J. Chem. Phys.},
  year = {2002},
  volume = {116},
  pages = {7362}
}

@ARTICLE{ne2p3p,
  author = {M. P. I. Manders and W. M. Ruyten and F. Van den Beucken and J. P.
	J. Driessen and W. J. T. Veugelers and P. H. Kramer and E. J. D.
	Vredenbregt and W. B. M. Van Hoek and G. J. Sandker and H. C. W.
	Beijerinck and B. J. Verhaar},
  journal = {J. Chem. Phys.},
  year = {1988},
  volume = {89},
  pages = {4777}
}

@ARTICLE{mandl1976,
  author = {Mandl, A. },
  title = {Electron photodetachment cross sections of $Cl-$ and $Br-$},
  journal = {Phys. Rev. A},
  year = {1976},
  volume = {14},
  pages = {345--348},
  number = {1},
  month = {Jul},
  doi = {10.1103/PhysRevA.14.345},
  numpages = {3},
  publisher = {American Physical Society}
}

@ARTICLE{Marburger03,
  author = {Marburger, S. and Kugeler, O. and Hergenhahn, U. and M{\"o}ller,
	T.},
  title = {Experimental Evidence for Interatomic Coulombic Decay in Ne Clusters},
  journal = {Phys. Rev. Lett.},
  year = {2003},
  volume = {90},
  pages = {203401},
  number = {20},
  eid = {4},
  publisher = {American Physical Society}
}

@ARTICLE{marburger2003,
  author = {S. Marburger and O. Kugeler and U. Hergenhahn and T. M\"oller},
  journal = {Phys.\ Rev.\ Lett.},
  year = {2003},
  volume = {90},
  pages = {203401}
}

@PHDTHESIS{Marburger_diss,
  author = {Marburger, S. P.},
  title = {Experimentelle Untersuchungen zum Interatomaren Coulomb Zerfall an
	Neon Clustern: Nachweis eines ultraschnellen nichtlokalen Zerfallskanals},
  school = {TU Berlin},
  year = {2004},
  owner = {elkefasshauer},
  timestamp = {2014.04.30}
}

@ARTICLE{West76,
  author = {Marr, G. V. and West, J. B.},
  title = {Absolute Photoionization Cross-Section Tables for Helium, Neon, Argon
	and Krypton in the VUV Spectral Regions},
  journal = {At. Data Nucl. Data Tables},
  year = {1976},
  volume = {18},
  pages = {497},
  owner = {elkefasshauer},
  timestamp = {2013.10.29}
}

@ARTICLE{Martin04,
  author = {Martin, F. and Burrow, P. D. and Cai, Z. and Cloutier, P. and Hunting,
	D. and Sanche, L.},
  title = {DNA Strand Breaks Induced by 0--4 eV Electrons: The role of Shape
	Resonances},
  journal = {Phys. Rev. Lett.},
  year = {2004},
  volume = {93},
  pages = {068101},
  owner = {elkefasshauer},
  timestamp = {2014.05.06}
}

@ARTICLE{Martin01,
  author = {Martin, J. M. L. and Sundermann, A.},
  journal = {J. Chem. Phys.},
  year = {2001},
  volume = {114},
  pages = {3408}
}

@ARTICLE{Martin96,
  author = {Martin, T. P.},
  title = {Shells of atoms},
  journal = {Phys. Rep.},
  year = {1996},
  volume = {273},
  pages = {199},
  owner = {elke},
  timestamp = {2012.10.30}
}

@ARTICLE{Mase199797,
  author = {Kazuhiko Mase and Mitsuru Nagasono and Shin-ichiro Tanaka and Tsuneo
	Urisu and Eiji Ikenaga and Tetsuji Sekitani and Ken-ichiro Tanaka},
  title = {Study of ion desorption induced by a resonant core-level excitation
	of condensed H2O using Auger electron photo-ion coincidence (AEPICO)
	spectroscopy combined with synchrotron radiation},
  journal = {Surf. Sci.},
  year = {1997},
  volume = {390},
  pages = {97 - 101}
}

@ARTICLE{massey1943,
  author = {H. S. W. Massey and D. R. Bates},
  title = {The properties ...},
  journal = {Rep. Prog. Phys.},
  year = {1943},
  volume = {9},
  pages = {62}
}

@ARTICLE{Matsumoto98,
  author = {Matsumoto, M. and Nishimura, T.},
  title = {Mersenne Twister: A 623-dimensionally equidistributed uniform pseudorandom
	number generator},
  journal = {ACM Trans. Mod. Comp. Sim.},
  year = {1998},
  volume = {8},
  pages = {3},
  owner = {elkefasshauer},
  timestamp = {2013.12.18}
}

@ARTICLE{matthew1975,
  author = {J. A. D. Matthew and Y. Komninos},
  title = {Transition rates for interatomic Auger processes},
  journal = {Surf. Sci.},
  year = {1975},
  volume = {53},
  pages = {716}
}

@BOOK{McWeeny89,
  title = {Methods of Molecular Quantum Mechanics},
  publisher = {Academic Press},
  year = {1989},
  editor = {Craig, D. P. and McWeeny, R.},
  author = {McWeeny, R.},
  owner = {elkefasshauer},
  timestamp = {2014.04.05}
}

@INPROCEEDINGS{Auger3,
  author = {W. Mehlhorn},
  title = {Atomic Inner-Shell Physics},
  year = {1985},
  editor = {B. Crasemann},
  address = {NY},
  publisher = {Plenum}
}

@ARTICLE{Meitner22,
  author = {Meitner, L.},
  title = {\"Uber die Entstehung der $\beta$-Strahl-Spektren radioaktiver Substanzen},
  journal = {Z. Phys.},
  year = {1922},
  volume = {9},
  pages = {131},
  owner = {elkefasshauer},
  timestamp = {2014.04.09}
}

@ARTICLE{mertins1997,
  author = {F. Mertins and H.-D. Meyer and J. Schirmer},
  title = {Ground state correlation effects in molecular photoionisation at
	the extended frozen-core Hartree-Fock method},
  journal = {J. Phys. B},
  year = {1997},
  volume = {30},
  pages = {1691-1720}
}

@ARTICLE{mertins1996,
  author = {F. Mertins and J. Schirmer},
  title = {Algebraic propagator approaches and intermediate-state representations.
	I. The biorthogonal and unitary coupled-cluster method},
  journal = {Phys. Rev. A},
  year = {1996},
  volume = {53},
  pages = {2140-2152}
}

@ARTICLE{Mertins96_1,
  author = {Mertins, F. and Schirmer, J.},
  title = {Algebraic propagator approaches and intermediate-state representation.
	I. The biorthogonal and unitary coupled-cluster methods},
  journal = {Phys. Rev. A},
  year = {1996},
  volume = {53},
  pages = {2140},
  number = {4}
}

@ARTICLE{MCTDH_orig,
  author = {H.-D. Meyer and U. Manthe and L.S. Cederbaum},
  title = {The multi-configurational time-dependent Hartree approach},
  journal = {Chem.Phys.Lett.},
  year = {1990},
  volume = {165},
  pages = {73}
}

@ARTICLE{meyer1989,
  author = {H.-D. Meyer and S. Pal},
  title = {A band-Lanczos method for computing matrix elements of a resolvent},
  journal = {J. Chem. Phys.},
  year = {1989},
  volume = {91},
  pages = {6195-6204}
}

@ARTICLE{Meyer1990,
  author = {M. Meyer and E. Von Raven and M. Richter and B. Sonntag and J.E.
	Hansen},
  title = {Autoionization of the Ar, K and Ca 2p54s, 3d-resonances: validity
	of the spectator model},
  journal = {J. Electron Spectrosc. Relat. Phenom.},
  year = {1990},
  volume = {51},
  pages = {407 - 416},
  doi = {DOI: 10.1016/0368-2048(90)80171-6}
}

@ARTICLE{mies1968,
  author = {F.H. Mies},
  title = {Configuration interaction theory. Effect of overlapping resonances},
  journal = {Phys. Rev.},
  year = {1968},
  volume = {175},
  pages = {164}
}

@ARTICLE{nimrodcs,
  author = {N. Moiseyev},
  title = {Quantum theory of resonances: calculating energies, widths and cross-sections
	by complex scaling},
  journal = {Phys. Rep.},
  year = {1998},
  volume = {302},
  pages = {212-293}
}

@ARTICLE{moiseyev2001,
  author = {Moiseyev, N. and Santra, R. and Zobeley, J. and Cederbaum, L. S.},
  title = {{Fingerprints of the nodal structure of autoionizing vibrational
	wave functions in clusters: Interatomic Coulombic decay in Ne dimer}},
  journal = {J. Chem. Phys.},
  year = {2001},
  volume = {114},
  pages = {7351},
  number = {17},
  publisher = {AIP}
}

@BOOK{Moore09,
  title = {Building scientific apparatus: a practical guide to design an construction},
  publisher = {Cambridge University Press},
  year = {2009},
  author = {Moore, J. and Davis, C. and Coplan, M. and Greer, S.},
  owner = {elkefasshauer},
  timestamp = {2014.03.05}
}

@ARTICLE{morishita2006,
  author = {Morishita, Y. and Liu, X.-J. and Saito, N. and Lischke, T. and Kato,
	M. and Pr?mper, G. and Oura, M. and Yamaoka, H. and Tamenori, Y.
	and Suzuki, I. H. and Ueda, K.},
  title = {{Experimental Evidence of Interatomic Coulombic Decay from the Auger
	Final States in Argon Dimers}},
  journal = {Phys. Rev. Lett.},
  year = {2006},
  volume = {96},
  pages = {243402},
  number = {24},
  publisher = {APS}
}

@ARTICLE{Morishita08,
  author = {Morishita, Y. and Saito, N. and Suzuki, I. H. and Fukuzawa, H. and
	Liu, X.-J. and Sakai, K. and Pr?mper, G. and Ueda, K. and Iwayama,
	H. and Nagaya, K. and Yao, M. and Kreidi, K. and Sch?ffler, M. and
	Jahnke, T. and Sch?ssler, S. and D?rner, R. and Weber, T. and Harries,
	J. and Tamenori, Y.},
  title = {{Evidence of interatomic Coulombic decay in ArKr after Ar 2p Auger
	decay}},
  journal = {J. Phys. B: Atomic, Molecular and Optical Physics},
  year = {2008},
  volume = {41},
  pages = {025101},
  doi = {http://dx.doi.org/10.1088/0953-4075/41/2/025101}
}

@ARTICLE{Moyano02,
  author = {Moyano, G. E. and Wesendrup, R. and S{\"o}hnel, T. and Schwerdtfeger,
	P.},
  title = {Properties of Small- to Medium-Sized Mercury Clusters from a Combined
	ab initio, Density-Functional, and Simulated-Annealing Study},
  journal = {Phys. Rev. Lett.},
  year = {2002},
  volume = {89},
  pages = {103401},
  owner = {elke},
  timestamp = {2012.10.30}
}

@PHDTHESIS{MuckePHD,
  author = {Mucke, M.},
  school = {TU Berlin},
  year = {2011},
  owner = {elke},
  timestamp = {2011.08.10}
}

@ARTICLE{Mucke10,
  author = {Mucke, M. and Braune, M. and Barth, S. and F{\"o}rstel, M. and Lischke,
	T. and Ulrich, V. and Arion, T. and Becker, U. and Bradshaw, A and
	Hergenhahn, U.},
  title = {{A hitherto unrecognized source of low-energy electrons in water}},
  journal = {Nature Physics},
  year = {2010},
  volume = {6},
  pages = {143}
}

@ARTICLE{Mucke2010,
  author = {Mucke, M. and Braune, M. and Barth, S. and F\"orstel, M. and Lischke,
	T. and Ulrich, V. and Arion, T. and Becker, U. and Bradshaw, A and
	Hergenhahn, U.},
  title = {{A hitherto unrecognized source of low-energy electrons in water}},
  journal = {Nature Physics},
  year = {2010},
  volume = {6},
  pages = {143}
}

@ARTICLE{nauta2001,
  author = {K. Nauta and D.T. Moore and P.L. Stiles and R.E.Miller},
  journal = {Science},
  year = {2001},
  volume = {292},
  pages = {481}
}

@ARTICLE{nesbet1976,
  author = {R.K. Nesbet},
  title = {Stieltjes imaging method for computation of oscillator strength distributions
	for complex atoms},
  journal = {Phys. Rev. A},
  year = {1976},
  volume = {14},
  pages = {1065-1081}
}

@ARTICLE{Niessen84,
  author = {von Niessen, W. and Schirmer, J. and Cederbaum, L. S.},
  journal = {Comp. Phys. Rep.},
  year = {1984},
  volume = {1},
  pages = {59}
}

@BOOK{nolting52,
  title = {Grundkurs Theoretische Physik 5/2},
  publisher = {Springer-Verlag},
  year = {2006},
  author = {Wolfgang Nolting},
  edition = {6}
}

@BOOK{nolting7,
  title = {Grundkurs Theoretische Physik 7},
  publisher = {Springer-Verlag},
  year = {2005},
  author = {Nolting, W.},
  edition = {6}
}

@BOOK{nolting4,
  title = {Grundkurs Theoretische Physik 4},
  publisher = {Springer-Verlag},
  year = {2003},
  author = {Wolfgang Nolting},
  edition = {5}
}

@ARTICLE{PhysRev.150.14,
  author = {O'Malley, T. F.},
  title = {Theory of Dissociative Attachment},
  journal = {Phys. Rev.},
  year = {1966},
  volume = {150},
  pages = {14--29}
}

@INBOOK{oneill2001,
  title = {Radiation-Induced Damage in DNA},
  publisher = {Elsevier Science B.V.},
  year = {2001},
  editor = {C. D. Jonah and B. S. M. Rao},
  author = {P. O'Neill},
  address = {Amsterdam},
  booktitle = {Radiation Chemistry: Present Status and Future Trends}
}

@ARTICLE{Oddershede78,
  author = {Oddershede, J.},
  journal = {Adv. Quantum Chem.},
  year = {1978},
  volume = {11},
  pages = {275}
}

@ARTICLE{Ohno03,
  author = {Ohno, M. and van Riessen, G. A.},
  title = {Hole-lifetime width: a comparison between theory and experiment},
  journal = {J. Elec. Spec. Rel. Phen.},
  year = {2003},
  volume = {128},
  pages = {1},
  owner = {elkefasshauer},
  timestamp = {2014.04.28}
}

@ARTICLE{olney1997,
  author = {T.N. Olney and N.M Cann and G. Cooper and C.E. Brion},
  title = {Absolute scale determination for photoabsorption spectra and the
	calculation of molecular properties using dipole sum-rules},
  journal = {Chem. Phys.},
  year = {1997},
  volume = {223},
  pages = {59-98}
}

@ARTICLE{Ortiz98,
  author = {Ortiz, J. V.},
  journal = {J. Chem. Phys.},
  year = {1998},
  volume = {108},
  pages = {1008}
}

@ARTICLE{Ortiz96,
  author = {Ortiz, J. V.},
  journal = {J. Chem. Phys.},
  year = {1996},
  volume = {104},
  pages = {7599}
}

@BOOK{bk:osterbrock2006,
  title = {Astrophysics of gaseous nebulae and active galactic nuclei},
  publisher = {University Science Books},
  year = {2006},
  author = {D. E. Osterbrock and G. J. Ferland},
  address = {Sausalito, USA},
  edition = {second}
}

@ARTICLE{Ouchi11_1,
  author = {Ouchi, T. and Sakai, K. and Fukuzawa, H. and Higuchi, I. and Demekhin,
	Ph. V. and Chiang, Y.-C. and Stoychev, S. D. and Kuleff, A. I. and
	Mazza, T. and Sch?ffler, M. and Nagaya, K. and Yao, M. and Tamenori,
	Y. and Saito, N. and Ueda, K.},
  title = {{Interatomic Coulombic decay following Ne 1s Auger decay in NeAr}},
  journal = {Phys. Rev. A},
  year = {2011},
  volume = {83},
  pages = {053415}
}

@ARTICLE{Pahl08,
  author = {Pahl, E. and Calvo, F. and Ko\v{c}i and Schwerdtfeger, P.},
  title = {Accurate Melting Temperatures for Neon and Argon from Ab Initio Monte
	Carlo Simulations},
  journal = {Angew. Chem. Int. Ed.},
  year = {2008},
  volume = {47},
  pages = {8207},
  owner = {elke},
  timestamp = {2012.10.30}
}

@ARTICLE{Pahl09,
  author = {Pahl, E. and Calvo, F. and Schwerdtfeger, P.},
  title = {The Importance of Accurate Interaction Potentials in the Melting
	of Argon Nanoclusters},
  journal = {Int. J. Quant. Chem.},
  year = {2009},
  volume = {109},
  pages = {1812},
  owner = {elke},
  timestamp = {2012.10.30}
}

@ARTICLE{Pahl1998,
  author = {Pahl, E. and Cederbaum, L. S. and Meyer, H.-D. and Tarantelli, F.
	},
  title = { Controlled Interplay between Decay and Fragmentation in Resonant
	Auger Processes},
  journal = {Phys. Rev. Lett.},
  year = {1998},
  volume = {80},
  pages = {1865--1868}
}

@TECHREPORT{Forsch_Pallmann,
  author = {Sebastian Pallmann},
  title = {Elektronische Zerfallsprozesse in Edelgasclustern},
  institution = {Heidelberg University},
  year = {2013},
  owner = {elkefasshauer},
  timestamp = {2014.04.19}
}

@ARTICLE{Pan03,
  author = {Pan, X. and Cloutier, P. and Hunting, D. and Sanche, L.},
  title = {Dissociative Electron Attachment to DNA},
  journal = {Phys. Rev. Lett.},
  year = {2003},
  volume = {90},
  pages = {208102},
  owner = {elkefasshauer},
  timestamp = {2014.05.06}
}

@BOOK{bk:parlett1980,
  title = {The Symmetric Eigenvalue Problem},
  publisher = {Prentice-Hall},
  year = {1980},
  author = {B.N. Parlett},
  address = {NJ}
}

@ARTICLE{Parpia96,
  author = {Parpia, F. A. and Froese Fischer, C. and Grant, I. P.},
  title = {GRASP92: A package for large-scale relativistic atomic structure
	calculations},
  journal = {Comp. Phys. Comm.},
  year = {1996},
  volume = {94},
  pages = {249},
  owner = {elkefasshauer},
  timestamp = {2014.11.05}
}

@BOOK{bk:pauncz2000,
  title = {The Construction of Spin Eigenfunctions},
  publisher = {Kluwer Academic/Plenum},
  year = {2000},
  author = {R. Pauncz},
  address = {NY}
}

@BOOK{bk:pauncz1979,
  title = {Spin Eigenfunctions},
  publisher = {Plenum Press},
  year = {1979},
  author = {R. Pauncz},
  address = {NY}
}

@ARTICLE{pavlov1998,
  author = {Pavlov, Maria and Siegbahn, Per E. M. and Sandstrom, Magnus},
  title = {Hydration of Beryllium, Magnesium, Calcium, and Zinc Ions Using Density
	Functional Theory},
  journal = {J. Phys. Chem. A},
  year = {1998},
  volume = {102},
  pages = {219-228},
  number = {1},
  doi = {10.1021/jp972072r},
  eprint = {http://pubs.acs.org/doi/pdf/10.1021/jp972072r},
  url = {http://pubs.acs.org/doi/abs/10.1021/jp972072r}
}

@ARTICLE{Peredkov07,
  author = {Peredkov, S. and {\"O}hrwall, G. and Schulz, J. and Lundwall, M.
	and Rander, T. and Lindblad, A. and Bergersen, H. and Rosso, A. and
	Pokapanich, W. and M{\aa}rtensson, N. and Svensson S. and Sorensen,
	S. and Bj\"orneholm, O. and Tchaplyguine, M.},
  title = {Free nanoscale sodium clusters studied by core-level photoelectron
	spectroscopy},
  journal = {Phys. Rev. B},
  year = {2007},
  volume = {75},
  pages = {235407},
  owner = {elke},
  timestamp = {2012.10.30}
}

@ARTICLE{peredkov2005,
  author = {Peredkov, S. and Kivim\"aki, A. and Sorensen, S. L. and Schulz, J.
	and M\aa{}rtensson, N. and \"Ohrwall, G. and Lundwall, M. and Rander,
	T. and Lindblad, A. and Bergersen, H. and Svensson, S. and Bj\"orneholm,
	O. and Tchaplyguine, M. },
  title = {Ioniclike energy structure of neutral core-excited states in free
	Kr clusters},
  journal = {Phys. Rev. A},
  year = {2005},
  volume = {72},
  pages = {021201}
}

@ARTICLE{Pernpointner10_1,
  author = {Pernpointner, M.},
  journal = {J. Phys. B},
  year = {2010},
  volume = {43},
  pages = {205102}
}

@ARTICLE{Pernpointner05,
  author = {Pernpointner, M.},
  title = {The effect of the Gaunt interaction on the molecular ionization spectra
	of CO, H$_2$S and TlH},
  journal = {J. Phys. B},
  year = {2005},
  volume = {38},
  pages = {1955}
}

@ARTICLE{Pernpointner04_2,
  author = {Pernpointner, M.},
  journal = {J. Chem. Phys.},
  year = {2004},
  volume = {121},
  pages = {8782},
  number = {18}
}

@ARTICLE{Pernpointner08,
  author = {Pernpointner, M. and Kryzhevoi, N. V. and Urbaczek, S.},
  title = {{Possible electronic decay channels in the ionization spectra of
	small clusters composed of Ar and Kr: A four-component relativistic
	treatment}},
  journal = {J. Chem. Phys.},
  year = {2008},
  volume = {129},
  pages = {024304}
}

@ARTICLE{Pernpointner04_1,
  author = {Pernpointner, M. and Trofimov, A. B.},
  journal = {J. Chem. Phys.},
  year = {2004},
  volume = {120},
  pages = {4098},
  number = {9}
}

@ARTICLE{Pernpointner12_2,
  author = {Pernpointner, M. and Zobel, J. P. and Kryzhevoi, N. V.},
  title = {Strong configuration interaction in the double ionization spectra
	of noble gases studied by the relativistic propagator method},
  journal = {Phys. Rev. A},
  year = {2012},
  volume = {85},
  pages = {012205},
  owner = {elkefasshauer},
  timestamp = {2014.03.05}
}

@ARTICLE{pestka2006,
  author = {G. Pestka and M. Bylicki and J. Karwowski},
  journal = {J. Phys. B},
  year = {2006},
  volume = {39},
  pages = {2979}
}

@ARTICLE{Peterson03,
  author = {Peterson, K. A. and Figgen, D. and Goll, E. and Stoll, H. and Dolg,
	M.},
  journal = {J. Chem. Phys.},
  year = {2003},
  volume = {119},
  pages = {11113}
}

@ARTICLE{Petrov14,
  author = {Petrov, I. D. and Lagutin, B. M. and Sukhorukov, V. L. and Ehresmann,
	A. and Schmoranzer, H.},
  title = {Strong impact of the giant resonance on the radiradiation decay of
	the 4d-vacancy in Xe: II. N$_{4,5}$OO Auger effect},
  journal = {J. Phys. B},
  year = {2014},
  volume = {47},
  pages = {055001},
  owner = {elkefasshauer},
  timestamp = {2014.12.23}
}

@ARTICLE{0953-4075-30-24-008,
  author = {M N Piancastelli and M Neeb and A Kivim\"aki and B Kempgens and H
	M K\"oppe and K Maier and A M Bradshaw and R F Fink},
  title = {Vibrationally resolved decay spectra of CO at the C and O K-edges:
	experiment and theory},
  journal = {Journal of Physics B: Atomic, Molecular and Optical Physics},
  year = {1997},
  volume = {30},
  pages = {5677}
}

@ARTICLE{pla49,
  author = {J. R. Platt and H. B. Klevens and W. C. Price},
  title = {Absorption Intensities of Ethylenes and Acetylenes in the Vacuum
	Ultraviolet},
  journal = {The Journal of Chemical Physics},
  year = {1949},
  volume = {17},
  pages = {466--469},
  number = {5}
}

@ARTICLE{Pradhan2009,
  author = {Pradhan, Anil K. and Nahar, Sultana N. and Montenegro, Maximiliano
	and Yu, Yan and Zhang, H. L. and Sur, Chiranjib and Mrozik, Michael
	and Pitzer, Russell M.},
  title = {Resonant X-ray Enhancement of the Auger Effect in High-Z Atoms, Molecules,
	and Nanoparticles: Potential Biomedical Applications?},
  journal = {J. Phys. Chem. A},
  year = {2009},
  volume = {113},
  pages = {12356-12363},
  number = {45},
  doi = {10.1021/jp904977z}
}

@ARTICLE{pratt1982_1,
  author = {S.T. Pratt and P.M. Dehmer},
  title = {Photoionisation of the neon-rare gas dimers near the neon 3s resonance
	transitions},
  journal = {J. Chem. Phys.},
  year = {1982},
  volume = {76},
  pages = {4865}
}

@ARTICLE{pratt1982_2,
  author = {S.T. Pratt and P.M. Dehmer},
  title = {Photoionisation of the ArKr, ArXe, and KrXe and bond dissociation
	energies of the rare gas dimer ions},
  journal = {J. Chem. Phys.},
  year = {1982},
  volume = {77},
  pages = {4804}
}

@ARTICLE{Ruehl94,
  author = {R?hl, E. and Heinzel, C. and Baumg?rtel H. and Lavoll?e, M and Morin,
	P.},
  title = {Fragmentation of doubly charged argon clusters},
  journal = {Z. Phys. D},
  year = {1994},
  volume = {31},
  pages = {245}
}

@ARTICLE{Ruehl91,
  author = {R?hl, E. and Schmale, C. and Jochims, H. W. and Biller, E. and Simon,
	M. and Baumg?rtel, H.},
  title = {Charge separation in core excited argon clusters},
  journal = {J. Chem. Phys.},
  year = {1991},
  volume = {95},
  pages = {6544}
}

@ARTICLE{Ruhl2003117,
  author = {Eckart R\"uhl},
  title = {Core level excitation, ionization, relaxation, and fragmentation
	of free clusters},
  journal = {Int. J. Mass Spectrom.},
  year = {2003},
  volume = {229},
  pages = {117 - 142}
}

@ARTICLE{0953-4075-40-12-006,
  author = {M Rafiq and Shahid Hussain and M Saleem and M A Kalyar and M A Baig},
  title = {Measurement of photoionization cross section from the 3s3p 1 P 1
	excited state of magnesium},
  journal = {J. Phys. B},
  year = {2007},
  volume = {40},
  pages = {2291}
}

@MISC{nist,
  author = {Yu. Ralchenko and A. E. Kramida and J. Reader and NIST ASD Team (2008)},
  title = {NIST Atomic Spectra Database (version 3.1.5)},
  note = {Online}
}

@MISC{NIST,
  author = {Ralchenko, Yu. and Kramida, A. E. and Reader, J. and {NIST ASD Team
	(2008)}},
  title = {http://physics.nist.gov/asd3},
  month = {Dezember},
  year = {2009}
}

@ARTICLE{Rander07,
  author = {Rander, T. and Schulz, J. and Huttula, M. and M{\"a}kinen, A. and
	Tchaplyguine, M. and Svensson S. and {\"O}hrwall, G. and Bj\"orneholm,
	O. and Aksela, s. and Aksela, H.},
  title = {Core-level electron spectroscopy on the sodium dimer Na 2p level},
  journal = {Phys. Rev. A},
  year = {2007},
  volume = {75},
  pages = {032510},
  owner = {elke},
  timestamp = {2012.10.30}
}

@ARTICLE{rawat2007,
  author = {P. Rawat and V. S Prabhudesai and G. Aravind and M. A. Rahman and
	E. Krishnakumar},
  title = {Absolute cross sections for dissociative electron attachment to H2O
	and D2O},
  journal = {J. Phys. B},
  year = {2007},
  volume = {40},
  pages = {4625-4636},
  number = {24}
}

@BOOK{ReiherWolf09,
  title = {Relativistic Quantum Chemistry},
  publisher = {Wiley-VCH Verlag GmbH},
  year = {2009},
  author = {Reiher, M. and Wolf, A.},
  owner = {elkefasshauer},
  timestamp = {2014.04.08}
}

@ARTICLE{Reinhardt79,
  author = {Reinhardt, W. P.},
  title = {L$^2$ Discretization of Atomic and Molecular Electronic Continua:
	Moment, Quadrature and $J$-Matrix Techniques},
  journal = {Comp. Phys. Comm.},
  year = {1979},
  volume = {17},
  pages = {1}
}

@ARTICLE{riss1996,
  author = {U.V. Riss and H.-D. Meyer},
  title = {Investigation of the reflection and transmission properties of complex
	absorbing potentials},
  journal = {J. Chem. Phys.},
  year = {19936},
  volume = {105},
  pages = {1409}
}

@ARTICLE{riss1998,
  author = {U.V. Riss and H.-D. Meyer},
  title = {The transformative complex absorbing potential method},
  journal = {J. Phys. B},
  year = {1998},
  volume = {31},
  pages = {2279}
}

@ARTICLE{riss1995,
  author = {U.V. Riss and H.-D. Meyer},
  title = {Reflection free complex absorbing potentials},
  journal = {J. Phys. B},
  year = {1995},
  volume = {28},
  pages = {1475}
}

@ARTICLE{riss1993,
  author = {U.V. Riss and H.-D. Meyer},
  title = {Calculation of resonance energies and widths using the complez absorbing
	potential method},
  journal = {J. Phys. B},
  year = {1993},
  volume = {26},
  pages = {4503}
}

@ARTICLE{PhysRevLett.83.947,
  author = {Rubensson, Jan-Erik and S\aa{}the, Conny and Cramm, Stefan and Kessler,
	Barbara and Stranges, Stefano and Richter, Robert and Alagia, Michele
	and Coreno, Marcello },
  title = {Influence of the Radiative Decay on the Cross Section for Double
	Excitations in Helium},
  journal = {Phys. Rev. Lett.},
  year = {1999},
  volume = {83},
  pages = {947}
}

@ARTICLE{Rupper02,
  author = {Rupper, P. and Merkt, F.},
  journal = {J. Chem. Phys.},
  year = {2002},
  volume = {117},
  pages = {4264},
  number = {9}
}

@ARTICLE{Rupper04,
  author = {Rupper, P. and Zehnder, O. and Merkt, F.},
  journal = {J. Chem. Phys.},
  year = {2004},
  volume = {121},
  pages = {8279},
  number = {17}
}

@ARTICLE{Sorensen2004,
  author = {S L S\"orensen},
  title = {Fragmentation of Molecules and Clusters after Resonant Excitation
	of Core Electrons},
  journal = {Phys. Scr.},
  year = {2004},
  volume = {2004},
  pages = {96},
  number = {T110}
}

@ARTICLE{Saethre84,
  author = {Saethre, L. J. and Thomas, T. D. and Ungier, L.},
  title = {Neon 1s Ionization Energy Re-Examined},
  journal = {J. Elec. Spec. Rel. Phen.},
  year = {1984},
  volume = {33},
  pages = {381},
  owner = {elkefasshauer},
  timestamp = {2014.05.01}
}

@ARTICLE{sajeev2006,
  author = {Y. Sajeev and M. Sindelka and N. Moiseyev},
  title = {Reflection-free complex absorbing potential for electronic structure
	calculations: Feshbach type autoionization resonance of Helium},
  journal = {Chem. Phys.},
  year = {2006},
  volume = {329},
  pages = {307-312}
}

@ARTICLE{Sakai11,
  author = {Sakai, K. and Stoychev, S. and Ouchi, T. and Higuchi, I. and Sch?ffler,
	M. and Mazza, T. and Fukuzawa, H. and Nagaya, K. and Yao, M. and
	Tamenori, Y. and Kuleff, A. I. and Saito, N. and Ueda, K.},
  title = {{Electron-transfer-mediated decay and interatomic coulombic decay
	from the triply ionized states in argon dimers}},
  journal = {Phys. Rev. Lett.},
  year = {2011},
  volume = {106},
  pages = {033401},
  publisher = {AIP}
}

@BOOK{bk:sakurai1994,
  title = {Modern Quantum Mechanics},
  publisher = {Addison-Wesley},
  year = {1994},
  author = {J.J. Sakurai},
  address = {Reading, MA}
}

@BOOK{SakuraiModern94,
  title = {Modern Quantum Mechanics},
  publisher = {Addison-Wesley},
  year = {1994},
  editor = {Tuan, S. F.},
  author = {Sakurai, J. J.},
  edition = {Rev.},
  owner = {elke},
  timestamp = {2012.10.31}
}

@ARTICLE{samson2002,
  author = {J.A.R. Samson and W.C. Stolte},
  title = {Precision measurements of the total photoionisation cross sections
	of He, Ne, Ar, Kr, and Xe},
  journal = {J. Electron Spectrosc. Relat. Phenom.},
  year = {2002},
  volume = {123},
  pages = {265-276}
}

@ARTICLE{Santra03,
  author = {Santra, R. and Cederbaum, L. S.},
  title = {Coulombic Energy Transfer and Triple Ionization in Clusters},
  journal = {Phys. Rev. Lett.},
  year = {2003},
  volume = {90},
  pages = {153401},
  number = {15},
  eid = {4},
  publisher = {American Physical Society}
}

@ARTICLE{santra2003,
  author = {Santra, R. and Cederbaum, L. S.},
  title = {{Coulombic Energy Transfer and Triple Ionization in Clusters}},
  journal = {Phys. Rev. Lett.},
  year = {2003},
  volume = {90},
  pages = {153401},
  number = {15},
  publisher = {American Physical Society}
}

@ARTICLE{Santra02,
  author = {Santra, R. and Cederbaum, L. S.},
  title = {{Non-Hermitian electronic theory and applications to clusters}},
  journal = {Phys. Reports},
  year = {2002},
  volume = {368},
  pages = {1},
  number = {1},
  eid = {117}
}

@ARTICLE{santra2002,
  author = {R. Santra and L. S. Cederbaum},
  title = {Non-Hermitian electronic theory and applications to clusters},
  journal = {Phys. Rep.},
  year = {2002},
  volume = {368},
  pages = {1}
}

@ARTICLE{santra2002_1,
  author = {R. Santra and L. S. Cederbaum},
  title = {Complex absorbing potentials in the framework of electronpropagator
	theory. I. General formulation.},
  journal = {J. Chem. Phys.},
  year = {2002},
  volume = {117},
  pages = {5511}
}

@ARTICLE{Santra01_3,
  author = {Santra, R. and Zobeley, J. and Cederbaum, L. S.},
  title = {{Electronic decay of valence holes in clusters and condensed matter}},
  journal = {Phys. Rev. B},
  year = {2001},
  volume = {64},
  pages = {245104},
  number = {24},
  publisher = {American Physical Society}
}

@ARTICLE{santra2001,
  author = {R. Santra and J. Zobeley and L. S. Cederbaum},
  title = {Electronic decay of valence holes in clusters and condensed matter},
  journal = {Phys.\ Rev.\ B},
  year = {2001},
  volume = {64},
  pages = {245104}
}

@ARTICLE{Santra01_1,
  author = {Santra, R. and Zobeley, J. and Cederbaum, L. S. and Tarantelli, F.},
  title = {{Intermolecular Coulombic decay of clusters}},
  journal = {J. Electron Spectrosc. Relat. Phenom.},
  year = {2001},
  volume = {114--116},
  pages = {41},
  eid = {7},
  doi = {http://dx.doi.org/10.1016/S0368-2048(00)00256-5}
}

@ARTICLE{Saue11,
  author = {Saue, T.},
  title = {Relativistic Hamiltonians for Chemistry: A Primer},
  journal = {ChemPhysChem},
  year = {2011},
  volume = {12},
  pages = {3077},
  owner = {elke},
  timestamp = {2012.06.04}
}

@ARTICLE{Scheit04,
  author = {Scheit, S. and Averbukh, V. and Meyer, H.-D. and Moiseyev, N. and
	Santra, R. and Sommerfeld, T. and Zobeley, J. and Cederbaum, L. S.},
  title = {{On the interatomic Coulombic decay in the Ne dimer}},
  journal = {J. Chem. Phys.},
  year = {2004},
  volume = {121},
  pages = {8393},
  issue = {17},
  publisher = {AIP}
}

@ARTICLE{scheit2004,
  author = {Scheit, S. and Averbukh, V. and Meyer, H.-D. and Moiseyev, N. and
	Santra, R. and Sommerfeld, T. and Zobeley, J. and Cederbaum, L. S.},
  title = {{On the interatomic Coulombic decay in the Ne dimer}},
  journal = {J. Chem. Phys.},
  year = {2004},
  volume = {121},
  pages = {8393},
  number = {17},
  publisher = {AIP}
}

@ARTICLE{Scheit06,
  author = {Scheit, S. and Averbukh, V. and Meyer, H.-D. and Zobeley, J. and
	Cederbaum, L. S.},
  title = {{Interatomic Coulombic decay in a heteroatomic rare gas cluster}},
  journal = {J. Chem. Phys.},
  year = {2006},
  volume = {124},
  pages = {154305}
}

@ARTICLE{Scheit03,
  author = {Scheit, S. and Cederbaum, L. S. and Meyer, H.-D.},
  title = {{Time-dependent interplay between electron emission and fragmentation
	in the interatomic Coulombic decay}},
  journal = {J. Chem. Phys.},
  year = {2003},
  volume = {118},
  pages = {2092},
  doi = {http://dx.doi.org/10.1063/1.1531996}
}

@ARTICLE{Schirmer91,
  author = {J. Schirmer},
  title = {Closed-form intermediate representation of many-body propagators
	and resolvent matrices},
  journal = {Phys. Rev. A},
  year = {1991},
  volume = {43},
  pages = {4647-4659}
}

@ARTICLE{schirmer1982,
  author = {J. Schirmer},
  title = {Beyond the random-phase approximation: A new approximation scheme
	for the polarisation propagator},
  journal = {Phys. Rev. A},
  year = {1982},
  volume = {26},
  pages = {2395-2416}
}

@ARTICLE{Schirmer82_1,
  author = {Schirmer, J.},
  title = {Beyond the random-phase approximation: A new approximation scheme
	for the polarization propagator},
  journal = {Phys. Rev. A},
  year = {1982},
  volume = {26},
  pages = {2395},
  number = {5}
}

@ARTICLE{Schirmer89,
  author = {Schirmer, J. and Angonoa, G.},
  title = {On Green's function calculations of the static self-energy part,
	the ground state energy and expectation values},
  journal = {J. Chem. Phys.},
  year = {1989},
  volume = {91},
  pages = {1754},
  number = {3}
}

@ARTICLE{schirmer1984,
  author = {Schirmer, J. and Barth, A.},
  title = {Higher-order approximations for the particle-particle propagator},
  journal = {Z. Phys. A},
  year = {1984},
  volume = {317},
  pages = {267-279}
}

@ARTICLE{Schirmer84,
  author = {J. Schirmer and A. Barth},
  journal = {Z. Phys. A},
  year = {1984},
  volume = {317},
  pages = {267}
}

@ARTICLE{schirmer1983,
  author = {J. Schirmer and L. S. Cederbaum and O. Walter},
  title = {New approach to the one-particle Green's function for finite Fermi
	systems},
  journal = {Phys.\ Rev. A},
  year = {1983},
  volume = {28},
  pages = {1237}
}

@ARTICLE{Schirmer83,
  author = {Schirmer, J. and Cederbaum, L. S. and Walter, O.},
  title = { },
  journal = {Phys. Rev. A},
  year = {1983},
  volume = {28},
  pages = {1237},
  number = {3}
}

@ARTICLE{schirmer2007,
  author = {J. Schirmer and A. Dreuw},
  title = {Critique of the foundations of TDDFT},
  journal = {Phys. Rev. A},
  year = {2007},
  volume = {75},
  pages = {022513}
}

@ARTICLE{schirmer1996,
  author = {J. Schirmer and F. Mertins},
  title = {A new approach to the random phase approximation},
  journal = {J. Phys. B},
  year = {1996},
  volume = {29},
  pages = {3559-3580}
}

@ARTICLE{schirmer2004,
  author = {J. Schirmer and A.B. Trofimov},
  title = {Intermediate state representation approach two physical properties
	of electronically excited molecules},
  journal = {J. Chem. Phys.},
  year = {2004},
  volume = {120},
  pages = {11449-11463}
}

@ARTICLE{Schirmer98,
  author = {Schirmer, J. and Trofimov, A. B. and Stelter, G.},
  title = {A non-Dyson third-order approximation scheme for the electron propagator},
  journal = {J. Chem. Phys.},
  year = {1998},
  volume = {109},
  pages = {4734},
  number = {12}
}

@MISC{gamessus,
  author = {M. W. Schmidt and K. K. Baldridge and J. A. Boatz and S. T. Elbert
	and M. S. Gordon and J. H. Jensen and S. Koseki and N. Matsunaga
	and K. A. Nguyen and S. J. Su and T. L. Windus and M. Dupius and
	J. A. Montgomery},
  title = {\textsc{GAMESS US}},
  month = {November},
  year = {1992},
  note = {Quantenchemisches Programmpaket}
}

@ARTICLE{Schnorr13,
  author = {Schnorr, K. and Senftleben, A. and Kurka, M. and Rudenko, A. and
	Foucar, L. and Schmid, G. and Broska, A. and Pfeifer, T. and Meyer,
	K. and Anielski, D. and Boll, R. and Rolles, D. and Kübel, M. and
	Kling, M. F. and Jiang, Y. H. and Mondal, S. and Tachibana, T. and
	Ueda, K. and Marchenko, T. and Simon, M. and Brenner, G. and Treusch,
	R. and Scheit, S. and Averbukh, V. and Ullrich, J. and Schröter,
	C. D. and Moshammer, R.},
  title = {{Time-Resolved Measurement of Interatomic Coulombic Decay in Ne$_2$}},
  journal = {Phys. Rev. Lett.},
  year = {2013},
  volume = {111},
  pages = {093402},
  doi = {http://dx.doi.org/10.1103/PhysRevLett.111.093402},
  issue = {9},
  numpages = {5}
}

@ARTICLE{Schrinner08,
  author = {Schrinner, M. and Proch, S. and Mei, Y. and Kempe, R. and Miyajima,
	N. and Ballauff, M.},
  title = {Stable Bimetallic Gold-Platinum Nanoparticles Immobilized on Spherical
	Polyelectrolyte Brushes: Synthesis, Characterization, and Application
	for the Oxidation of Alcohols},
  journal = {Adv. Mater.},
  year = {2008},
  volume = {20},
  pages = {1928},
  owner = {elke},
  timestamp = {2012.10.31}
}

@ARTICLE{schu07,
  author = {K. L. Schuchardt and B. T. Didler and T. Elsehagen and L. Sun and
	V. Gurumoorthi and J. Chase and J. Li and T. L. Windus},
  title = {Basis Set Exchange: A Community Database for Computational Sciences},
  journal = {Journal of Chemical Information and Modeling},
  year = {2007},
  volume = {47},
  pages = {1045--1052},
  number = {3}
}

@ARTICLE{schulz1996,
  author = {K. Schulz and M. Domke and R. P\"uttner and A. Gutierrez and G. Kaindl
	and G. Miecznik and C.H. Greene},
  journal = {Phys. Rev. A},
  year = {1996},
  volume = {54},
  pages = {3095}
}

@ARTICLE{PhysRevLett.105.198102,
  author = {Schwartz, Craig P. and Fatehi, Shervin and Saykally, Richard J. and
	Prendergast, David },
  title = {Importance of Electronic Relaxation for Inter-Coulombic Decay in
	Aqueous Systems},
  journal = {Phys. Rev. Lett.},
  year = {2010},
  volume = {105},
  pages = {198102}
}

@ARTICLE{Schwartz10,
  author = {Schwartz, C. P. and Fatehi, S. and Saykally, R. J. and Prendergast,
	D.},
  title = {{Importance of Electronic Relaxation for Inter-Coulombic Decay in
	Aqueous Systems}},
  journal = {Phys. Rev. Lett.},
  year = {2010},
  volume = {105},
  pages = {198102}
}

@INPROCEEDINGS{shavitt1977,
  author = {I. Shavitt},
  title = {Modern Quantum Chemistry 3},
  year = {1977},
  editor = {H. F. Schaeffer III},
  address = {NY},
  publisher = {Plenum Press}
}

@BOOK{bk:shohat1943,
  title = {The Problem of Moments, Mathematical Surveys 1},
  publisher = {American Mathematical Society},
  year = {1943},
  author = {J.A. Shohat and J.D. Tamarkin},
  address = {New York}
}

@BOOK{Siegbahn69,
  title = {ESCA Applied to Free Molecules},
  publisher = {North-Holland Pub. Co.},
  year = {1969},
  author = {Siegbahn, K.},
  owner = {elkefasshauer},
  timestamp = {2014.03.05}
}

@ARTICLE{Siegert39,
  author = {Siegert, A. J. F.},
  title = {On the Derivation of the Dispersion Formula for Nuclear Reactions},
  journal = {Phys. Rev.},
  year = {1939},
  volume = {56},
  pages = {750},
  owner = {elkefasshauer},
  timestamp = {2013.10.27}
}

@ARTICLE{ferreira2009_1,
  author = {Filipe Ferreira da Silva and Peter Bartl and Stephan Denifl and Olof
	Echt and Tilmann D. Mark and Paul Scheier},
  title = {Argon clusters embedded in helium nanodroplets},
  journal = {Physical Chemistry Chemical Physics},
  year = {2009},
  volume = {11},
  pages = {9791}
}

@ARTICLE{ferreira2009,
  author = {F. Ferreira da Silva and S. Jaksch and G. Martins and H. M. Dang
	and M. Dampc and S. Denifl and T. D. Mark and P. Limao-Vieira and
	J. Liu and S. Yang and A. M. Ellis and P. Scheier},
  title = {Electron attachment and electron ionization of acetic acid clusters
	embedded in helium nanodroplets},
  journal = {Physical Chemistry Chemical Physics},
  year = {2009},
  volume = {11},
  pages = {11631},
  number = {48}
}

@ARTICLE{simpson2007,
  author = {Simpson, W. R. and von Glasow, R. and Riedel, K. and Anderson, P.
	and Ariya, P. and Bottenheim, J. and Burrows, J. and Carpenter, L.
	J. and Frie?, U. and Goodsite, M. E. and Heard, D. and Hutterli,
	M. and Jacobi, H.-W. and Kaleschke, L. and Neff, B. and Plane, J.
	and Platt, U. and Richter, A. and Roscoe, H. and Sander, R. and Shepson,
	P. and Sodeau, J. and Steffen, A. and Wagner, T. and Wolff, E.},
  title = {Halogens and their role in polar boundary-layer ozone depletion},
  journal = {Atm. Chem. Phys.},
  year = {2007},
  volume = {7},
  pages = {4375--4418},
  number = {16}
}

@ARTICLE{siska1993,
  author = {P. E. Siska},
  title = {Molecular-beam studies of Penning Ionisation},
  journal = {Rev. Mod. Phys.},
  year = {1993},
  volume = {65},
  pages = {337}
}

@ARTICLE{Sisourat10_1,
  author = {Sisourat, N. and Kryzhevoi, N. V. and Koloren\v{c}, P. and Scheit,
	S. and Jahnke, T. and Cederbaum, L. S.},
  title = {{Ultralong-range energy transfer by interatomic Coulombic decay in
	an extreme quantum system}},
  journal = {Nature Physics},
  year = {2010},
  volume = {6},
  pages = {508}
}

@ARTICLE{Slavicek03,
  author = {Slav?\v{c}ek, P. and Kalus, R. and Pa\v{s}ka, P. and Odv?rkov?, I.
	and Hobza, P. and Malijevsky},
  journal = {J. Chem. Phys.},
  year = {2003},
  volume = {119},
  pages = {2102}
}

@ARTICLE{Slavicek15,
  author = {Slavi\v{c}ek, P. and Winter, B. and Cederbaum, L. S. and Kryzhevoi,
	N. V.},
  title = {{Proton-transfer mediated enhancement of non-local electronic relaxation
	processes in X-ray irradiated liquid water}},
  journal = {J. Am. Chem. Soc.},
  year = {2014}
}

@ARTICLE{slavicek:2102,
  author = {Petr Slavicek and Rene Kalus and Petr Paska and Iva Odvarkova and
	Pavel Hobza and Anatol Malijevsky},
  title = {State-of-the-art correlated ab initio potential energy curves for
	heavy rare gas dimers: Ar[sub 2], Kr[sub 2], and Xe[sub 2]},
  journal = {The Journal of Chemical Physics},
  year = {2003},
  volume = {119},
  pages = {2102-2119}
}

@BOOK{Sobelman72,
  title = {Introduction to the Theory of Atomic Spectra},
  publisher = {Pergamon Press Ltd.},
  year = {1972},
  editor = {Haar, D.},
  author = {Sobel'man, I. I.},
  owner = {elke},
  timestamp = {2011.08.11}
}

@BOOK{bk:sobelman1972,
  title = {An Introduction to the Theory of Atomic Spectra},
  publisher = {Pergamon Press},
  year = {1972},
  author = {I. I. Sobel'man},
  address = {Oxford}
}

@ARTICLE{Soler82,
  author = {Soler, J. M. and Garcia, N. and Echt, O. and Sattler, K. and Recknagel,
	E.},
  title = {Microcluster Growth: Transition from Successive Monomer Addition
	to Coagulation},
  journal = {Phys. Rev. Lett.},
  year = {1982},
  volume = {49},
  pages = {1857--1860},
  month = {Dec},
  doi = {10.1103/PhysRevLett.49.1857},
  issue = {25},
  owner = {F?rstel},
  publisher = {American Physical Society},
  timestamp = {2013.12.17},
  url = {http://link.aps.org/doi/10.1103/PhysRevLett.49.1857}
}

@PHDTHESIS{sommerfeldphd,
  author = {T. Sommerfeld},
  school = {Universit{\"a}t Heidelberg},
  year = {1997}
}

@ARTICLE{sommerfeld2001,
  author = {T. Sommerfeld and R. Santra},
  title = {Efficient method to perform CAP/CI calculations for temporary anions},
  journal = {Int. J. Quantum Chem.},
  year = {2001},
  volume = {82},
  pages = {218}
}

@ARTICLE{sommerfeld2000,
  author = {T. Sommerfeld and F. Tarantelli},
  title = {Subspace iteration techniques for the calculation of resonances using
	complex symmetric Hamiltonians},
  journal = {J. Chem. Phys.},
  year = {2000},
  volume = {112},
  pages = {2106}
}

@ARTICLE{sorensen1994,
  author = {S.L. Sorensen and T. {\AA}berg and J. Tulkki and E. Rachlew-K\"alne
	and G. Sundstr\"om and M. Kirm},
  journal = {Phys. Rev. A},
  year = {1994},
  volume = {50},
  pages = {1218}
}

@BOOK{bk:nexafs,
  title = {NEXAFS spectroscopy},
  publisher = {Springer},
  year = {1992},
  author = {J. St\"ohr},
  address = {Berlin and Heidelberg}
}

@ARTICLE{stanton1993,
  author = {J. F. Stanton and R. J. Bartlett},
  journal = {J. Chem.Phys.},
  year = {1993},
  volume = {98},
  pages = {7029}
}

@ARTICLE{stener1997,
  author = {M. Stener and G. De Alti and G. Fronzoni and P. Decleva},
  title = {TDLDA calculations of photoionization cross-section and asymmetry
	parameter profiles of alkaline-earth atoms},
  journal = {Chem. Phys.},
  year = {1997},
  volume = {222},
  pages = {197}
}

@ARTICLE{stener1995,
  author = {M. Stener and P. Decleva and A. Lisini},
  journal = {J. Phys. B},
  year = {1995},
  volume = {28},
  pages = {4973}
}

@ARTICLE{stener2005,
  author = {M. Stener and G. Fronzoni and P. Decleva},
  title = {TD-DFT for molecular photoionization with noniterative algorithm
	and multicenter B-spline basis set: CS$_{2}$ and C_${6}$H_${6}$ case
	studies},
  journal = {J. Chem. Phys.},
  year = {2005},
  volume = {122},
  pages = {234301}
}

@ARTICLE{stienkemeier2006,
  author = {F. Stienkemeier and K. K. Lehmann},
  title = {Spectroscopy and dynamics in heilium nanodroplets},
  journal = {J. Phys. B},
  year = {2006},
  volume = {39},
  pages = {R127}
}

@ARTICLE{stiles2004,
  author = {P.L. Stiles and D.T. Moore and R.E.Miller},
  journal = {J. Chem. Phys.},
  year = {2004},
  volume = {121},
  pages = {3130}
}

@ARTICLE{stiles2003,
  author = {P.L. Stiles and D.T. Moore and R.E.Miller},
  journal = {J. Chem. Phys.},
  year = {2003},
  volume = {118},
  pages = {7873}
}

@BOOK{bk:stoer2002,
  title = {Numerische Matematik},
  publisher = {Springer},
  year = {2002},
  author = {J. Stoer},
  address = {Berlin and Heidelberg and New York},
  edition = {8-th}
}

@ARTICLE{Stoychev11,
  author = {Stoychev, S. D. and Kuleff, A. I. and Cederbaum, L. S.},
  title = {{Intermolecular Coulombic Decay in Small Biochemically Relevant Hydrogen-Bonded
	Systems}},
  journal = {J. Am. Chem. Soc.},
  year = {2011},
  volume = {133},
  pages = {6817}
}

@ARTICLE{Stoychev10,
  author = {Stoychev, S. D. and Kuleff, A. I. and Cederbaum, L. S.},
  title = {{On the intermolecular Coulombic decay of singly and doubly ionized
	states of water dimer}},
  journal = {J. Chem. Phys.},
  year = {2010},
  volume = {133},
  pages = {154307},
  issue = {15},
  publisher = {AIP}
}

@ARTICLE{Stoychev2010,
  author = {Stoychev, S. D. and Kuleff, A. I. and Cederbaum, L. S.},
  title = {{On the intermolecular Coulombic decay of singly and doubly ionized
	states of water dimer}},
  journal = {J. Chem. Phys.},
  year = {2010},
  volume = {133},
  pages = {154307},
  issue = {15},
  publisher = {AIP}
}

@ARTICLE{Stoychev08_1,
  author = {Stoychev, S. D. and Kuleff, A. I. and Tarantelli, F. and Cederbaum,
	L. S.},
  title = {{On the doubly ionized states of Ar2 and their intra- and interatomic
	decay to Ar23+}},
  journal = {J. Chem. Phys.},
  year = {2008},
  volume = {128},
  pages = {014307},
  doi = {http://dx.doi.org/10.1063/1.2814241}
}

@ARTICLE{Stoychev08_2,
  author = {Stoychev, S. D. and Kuleff, A. I. and Tarantelli, F. and Cederbaum,
	L. S.},
  title = {{On the interatomic electronic processes following Auger decay in
	neon dimer}},
  journal = {J. Chem. Phys.},
  year = {2008},
  volume = {129},
  pages = {074307},
  number = {7},
  eid = {11},
  doi = {http://dx.doi.org/10.1063/1.2960593},
  publisher = {AIP}
}

@ARTICLE{Streltsov10,
  author = {Streltsov, A. I. and Alon, O. E. and Cederbaum, L. S.},
  title = {General mapping for bosonic and fermionic operators in Fock space},
  journal = {Phys. Rev. A},
  year = {2010},
  volume = {81},
  pages = {022124},
  owner = {elkefasshauer},
  timestamp = {2015.09.17}
}

@MISC{Stumpf_private,
  author = {Stumpf, V.},
  note = {private communication},
  owner = {elkefasshauer},
  timestamp = {2014.05.10}
}

@MASTERSTHESIS{MasterStumpf,
  author = {Stumpf, V.},
  title = {Theoretische Untersuchung von Umgebungseffekten bei Ionisierungsprozessen
	von Edelgasclustern},
  school = {Universit{\"a}t Heidelberg},
  year = {2012},
  owner = {elke},
  timestamp = {2012.10.29}
}

@ARTICLE{sucher80,
  author = {J. Sucher},
  journal = PRA,
  year = {1980},
  volume = {22},
  pages = {348}
}

@ARTICLE{Sukhorukov12,
  author = {Sukhorukov, V. L. and Petrov, I. D. and Sch{\"a}fer, M. and Merkt,
	F. and Ruf, M.-W. and Hotop, H.},
  title = {Photoionization dynamics of excited Ne, Ar, Kr and Xe atoms near
	threshold},
  journal = {J. Phys. B},
  year = {2012},
  volume = {45},
  pages = {092001},
  owner = {elkefasshauer},
  timestamp = {2014.12.23}
}

@ARTICLE{Surdutovich12,
  author = {Surdutovich, E. and Solov'yov, A. V.},
  title = {{Double strand breaks in DNA resulting from double ionization events}},
  journal = {Eur. Phys. J. D: Atomic, Molecular, Optical and Plasma Physics},
  year = {2012},
  volume = {66},
  pages = {206},
  issue = {8}
}

@BOOK{bk:szabo1996,
  title = {Modern Quantum Chemistry},
  publisher = {Dover},
  year = {1996},
  author = {A. Szabo and N.S. Ostlund},
  address = {Mineola,NY}
}

@BOOK{szabo,
  title = {Modern Quantum Chemistry},
  publisher = {Dover Publications Inc.},
  year = {1996},
  author = {Attila Szabo and Neil S. Ostlund}
}

@ARTICLE{dunning1989,
  author = {T.H. Dunning, Jr.},
  journal = {J. Chem. Phys.},
  year = {1989},
  volume = {90},
  pages = {1007}
}

@ARTICLE{tabayashi:194307,
  author = {Kiyohiko Tabayashi and Keisuke Yamamoto and Osamu Takahashi and Yusuke
	Tamenori and James R. Harries and Tatsuo Gejo and Mitsuhiro Iseda
	and Takashi Tamura and Kenji Honma and Isao H. Suzuki and Shin-ichi
	Nagaoka and Toshio Ibuki},
  title = {Inner-shell excitation spectroscopy and fragmentation of small hydrogen-bonded
	clusters of formic acid after core excitations at the oxygen K edge},
  journal = {J. Chem. Phys.},
  year = {2006},
  volume = {125},
  pages = {194307}
}

@ARTICLE{Tarantelli89,
  author = {Tarantelli, A. and Cederbaum, L. S.},
  journal = {Phys. Rev. A},
  year = {1989},
  volume = {39},
  pages = {1656},
  number = {4}
}

@ARTICLE{Tarantelli06,
  author = {Tarantelli, F.},
  journal = {Chem. Phys.},
  year = {2006},
  volume = {329},
  pages = {11}
}

@ARTICLE{Tarantelli91,
  author = {Tarantelli, F. and Sgamellotti, A. and Cederbaum, L. S.},
  journal = {J. Chem. Phys.},
  year = {1991},
  volume = {94},
  pages = {523}
}

@BOOK{bk:taylor2006,
  title = {Scattering Theory},
  publisher = {Dover},
  year = {2006},
  author = {J. P. Taylor},
  address = {NY}
}

@BOOK{Taylor87,
  title = {Scattering Theory: The Quantum Theory of Nonrelativistic Collisions},
  publisher = {Robert E. Krieger Publishing Company, Inc.},
  year = {1987},
  author = {Taylor, J. R.},
  owner = {elkefasshauer},
  timestamp = {2014.02.28}
}

@ARTICLE{Tchaplyguine20033,
  author = {M Tchaplyguine and R Feifel and R.R.T Marinho and M Gisselbrecht
	and S.L Sorensen and A Naves de Brito and N M?rtensson and S Svensson
	and O Bj?rneholm},
  title = {Selective probing of the electronic structure of free clusters using
	resonant core-level spectroscopy},
  journal = {Chem. Phys.},
  year = {2003},
  volume = {289},
  pages = {3 - 13},
  number = {1},
  doi = {DOI: 10.1016/S0301-0104(02)00619-5}
}

@ARTICLE{Lundwall04_2,
  author = {Tchaplyguine, M. and Lundwall, M. and Gisselbrecht, M. and {\"O}hrwall,
	G. and Feifel, R. and Sorensen, S. and Svensson S. and M{\aa}rtensson,
	N. and Bj{\"o}rneholm, O.},
  journal = {Phys. Rev. A},
  year = {2004},
  volume = {69},
  pages = {031201}
}

@ARTICLE{Tchaplyguine07,
  author = {Tchaplyguine, M. and Peredkov, S. and Rosso, A. and Schulz, J. and
	{\"O}hrwall, G. and Lundwall, M. and Rander, T. and Lindblad, A.
	and Bergersen, H. and Pokapanich, W. and Svensson S. and Sorensen,
	S. and M{\aa}rtensson, N. and Bj\"orneholm, O.},
  title = {Direct observation of the non-supported metal nanoparticle electron
	desity of states by X-ray photoelectron spectroscopy},
  journal = {Eur. Phys. J. D},
  year = {2007},
  volume = {45},
  pages = {295},
  owner = {elke},
  timestamp = {2012.10.30}
}

@ARTICLE{dun89,
  author = {Thom H. Dunning, Jr.},
  title = {Gaussian basis sets for use in correlated calculations. I. The atoms
	boron through neon and hydrogen},
  journal = {Journal of Chemical Physics},
  year = {1989},
  volume = {90},
  pages = {1007--1023},
  number = {2}
}

@BOOK{augerbuch,
  title = {Auger electron spectroscopy},
  publisher = {John Wiley \& Sons},
  year = {1985},
  author = {M. Thompson and M.D. Baker and Alec Christie and J.F. Tyson}
}

@BOOK{bk:thompson1985,
  title = {Auger electron spectroscopy},
  publisher = {Wiley-Interscience},
  year = {1985},
  author = {M. Thompson and M. D. Baker and A. Christie and J.F. Tyson},
  address = {New York}
}

@ARTICLE{Thyssen08,
  author = {Thyssen, J. and Fleig, T. and Jensen, H. J. Aa.},
  title = {A direct relativistic four-component multiconfiguration self-consistent-field
	method for molecules},
  journal = {J. Chem. Phys.},
  year = {2008},
  volume = {129},
  pages = {034109},
  owner = {elke},
  timestamp = {2012.03.13}
}

@PHDTHESIS{trofimovphd,
  author = {A.B Trofimov},
  title = {Computational method for electronic spectra based on the theory of
	the polarisation propagator},
  school = {Irkutsk State University},
  year = {1994},
  note = {in Russian}
}

@ARTICLE{trofimov1995,
  author = {A.B. Trofimov and J. Schirmer},
  title = {An efficient polarisation propagator approach to valence electron
	excitation spectra},
  journal = {J. Phys. B},
  year = {1995},
  volume = {28},
  pages = {2299}
}

@ARTICLE{trofimov2002,
  author = {A.B. Trofimov and G. Stelter and J. Schirmer},
  title = {Electron excitation energies using a consistent third-order propagator
	approach: Comparison with full configuration interaction and coupled
	clusters results},
  journal = {J. Chem. Phys.},
  year = {2002},
  volume = {117},
  pages = {6402}
}

@ARTICLE{trofimov1999,
  author = {A.B. Trofimov and G. Stelter and J. Schirmer},
  title = {A consistent third-order propagator method for electronic excittation},
  journal = {J. Chem. Phys.},
  year = {1999},
  volume = {111},
  pages = {9982-9999}
}

@ARTICLE{Trofimov05,
  author = {Trofimov, A. B. and Schirmer, J.},
  journal = {J. Chem. Phys.},
  year = {2005},
  volume = {123},
  pages = {144115}
}

@ARTICLE{trof95,
  author = {A. B. Trofimov and J. Schirmer},
  title = {An efficient polarization propagator approach to valence electron
	excitation spectra},
  journal = {Journal of Physics B: Atomic, Molecular and Optical Physics},
  year = {1995},
  volume = {28},
  pages = {2299--2324}
}

@MISC{adc,
  author = {A. B. Trofimov and G. Stelter and J. Schirmer},
  title = {\textsc{ADC} Polarization Propagator},
  month = {Oktober},
  year = {2002},
  note = {Quantenchemisches Programmpaket}
}

@ARTICLE{Tulkki92,
  author = {Tulkki, J. and {\AA}berg, T. and M\"antykentt\"a, A. and Aksela,
	H.},
  title = {Relativistic multichannel calculation of the Ne $KKL$ and Ar $L_2M_{2,3}M_{2,3}$
	Auger transition rates},
  journal = {Phys. Rev. A},
  year = {1992},
  volume = {46},
  pages = {1357},
  owner = {elkefasshauer},
  timestamp = {2014.04.17}
}

@BOOK{bk:ueberhuber1,
  title = { Numerical Computation (Volume 1)},
  publisher = {Springer Verlag},
  year = {1997},
  author = {C.W. Ueberhuber},
  address = {Berlin Heidelberg}
}

@ARTICLE{Ueda20083,
  author = {K. Ueda and H. Fukuzawa and X.-J. Liu and K. Sakai and G. Pr?mper
	and Y. Morishita and N. Saito and I.H. Suzuki and K. Nagaya and H.
	Iwayama and M. Yao and K. Kreidi and M. Sch?ffler and T. Jahnke and
	S. Sch?ssler and R. D?rner and Th. Weber and J. Harries and Y. Tamenori},
  title = {Interatomic Coulombic decay following the Auger decay: Experimental
	evidence in rare-gas dimers},
  journal = {J. Electron Spectrosc. Relat. Phenom.},
  year = {2008},
  volume = {166-167},
  pages = {3 - 10},
  doi = {DOI: 10.1016/j.elspec.2008.03.002}
}

@ARTICLE{Ueda08_2,
  author = {Ueda, K. and Fukuzawa, H. and Liu, X.-J. and Sakai, K. and Pr?mper,
	G. and Morishita, Y. and Saito, N. and Suzuki, I. H. and Nagaya,
	K. and Iwayama, H. and Yao, M. and Kreidi, K. and Sch?ffler, M. and
	Jahnke, T. and Sch?ssler, S. and D?rner, R. and Weber, Th. and Harries,
	J. and Tamenori, Y.},
  title = {{Interatomic Coulombic decay following the Auger decay: Experimental
	evidence in rare-gas dimers}},
  journal = {J. Electron Spectrosc. Relat. Phenom.},
  year = {2008},
  volume = {166-167},
  pages = {3},
  eid = {8},
  doi = {http://dx.doi.org/10.1016/j.elspec.2008.03.002},
  series = {52nd IUVSTA Workshop on Structure and Dynamics of Free and Supported
	Nanoparticles using Short-Wavelength Radiation}
}

@ARTICLE{PhysRevLett.83.5463,
  author = {Ueda, K. and Shimizu, Y. and Chiba, H. and Sato, Y. and Kitajima,
	M. and Tanaka, H. and Kabachnik, N. M.},
  title = {Experimental Determination of Auger-Decay Amplitudes from the Angular
	Correlations in Auger Cascade Following the $2\mathit{p}$\rightarrow${}4\mathit{s}$
	Photoexcitation in Ar},
  journal = {Phys. Rev. Lett.},
  year = {1999},
  volume = {83},
  pages = {5463--5466}
}

@ARTICLE{Ueda_1999,
  author = {K Ueda and Y Shimizu and N M Kabachnik and I P Sazhina and R Wehlitz
	and U Becker and M Kitajima and H Tanaka},
  title = {Lifetime interference effect on the angular distribution of the Auger
	electron emission following resonant Auger decay from 2p},
  journal = {J. Phys. B},
  year = {1999},
  volume = {32},
  pages = {L291},
  number = {13}
}

@ARTICLE{Ulrich2008,
  author = {Ulrich, V. and Barth, S. and Joshi, S. and Lischke, T. and Bradshaw,
	A. M. and Hergenhahn, U. },
  title = {Separating the Vibrationally Resolved Auger Decay Channels for a
	CO Core Hole State},
  journal = {Phys. Rev. Lett.},
  year = {2008},
  volume = {100},
  pages = {143003},
  doi = {10.1103/PhysRevLett.100.143003}
}

@ARTICLE{Ulrich2010,
  author = {Volker Ulrich and Silko Barth and Toralf Lischke and Sanjeev Joshi
	and Tiberiu Arion and Melanie Mucke and Marko F?rstel and Alex M.
	Bradshaw and Uwe Hergenhahn},
  title = {Photoelectron-Auger electron coincidence spectroscopy of free molecules:
	New experiments},
  journal = {J. Electron Spectrosc. Relat. Phenom.},
  year = {2010},
  note = {doi: 10.1016/j.elspec.2010.03.001},
  doi = {DOI: 10.1016/j.elspec.2010.03.001}
}

@MASTERSTHESIS{saschadipl,
  author = {Sascha Urbaczek},
  school = {Universit?t Heidelberg},
  year = {2008}
}

@ARTICLE{Vach99,
  author = {Vach, H.},
  journal = {Phys. Rev. B},
  year = {1999},
  volume = {59},
  pages = {13413},
  number = {20}
}

@ARTICLE{Vaval07,
  author = {N. Vaval and L. S. Cederbaum},
  title = {Ab initio lifetimes in the interatomic coulombic decay of neon clusters
	computed with propagators},
  journal = {J. Chem. Phys.},
  year = {2007},
  volume = {126},
  pages = {164110}
}

@ARTICLE{Verkhovtseva03,
  author = {\'{E}. T. Verkhovtseva and I. A. Gospodarev and A. V. Grishaev and
	S. I. Kovalenko and D. D. Solnyshkin and E. S. Syrkin and S. B. Feodos'ev},
  title = {Atomic dynamics and the problem of the structural stability of free
	clusters of solidified inert gases},
  journal = {Low Temperature Physics},
  year = {2003},
  volume = {29},
  pages = {386-393},
  number = {5},
  keywords = {krypton; argon; atomic clusters; electron diffraction; Jacobian matrices},
  publisher = {AIP}
}

@ARTICLE{dauger1,
  author = {J. Viefhaus and S. Cvejanovi\'c and B. Langer and T. Lischke and
	G. Pr\"umer and D. Rolles and A. V. Golovin and A. N. Grum-Grzhimailo
	and N. M. Kabachnik and U. Becker},
  journal = {Phys. Rev. Lett.},
  year = {2004},
  volume = {92},
  pages = {2004}
}

@ARTICLE{Visscher99,
  author = {Visscher, L. and van Lenthe, E.},
  title = {On the distinction between scalar and spin-orbit relativistic effects},
  journal = {Chem. Phys. Lett.},
  year = {1999},
  volume = {306},
  pages = {357},
  owner = {elkefasshauer},
  timestamp = {2014.04.08}
}

@MISC{viv08,
  author = {Regina de Vivie-Riedle},
  title = {http://www.cup.uni-muenchen.de/oc/zipse/compchem/testindex.html},
  year = {2008}
}

@BOOK{bk:vorobyev1965,
  title = {Method of Moments in Applied Mathematics},
  publisher = {Gordon and Breach Science Publishers},
  year = {1965},
  author = {Yu. V. Vorobyev},
  address = {New York and London and Paris}
}

@ARTICLE{W?est04,
  author = {W?est, A. and Merkt, F.},
  journal = {J. Chem. Phys.},
  year = {2004},
  volume = {120},
  pages = {638},
  number = {2}
}

@ARTICLE{wallace1992,
  author = {I. Wallace and W. H. Breckenridge},
  title = {Spectroscopic Characterization of the X and C states of MgNe},
  journal = {J. Chem. Phys.},
  year = {1992},
  volume = {98},
  pages = {2768}
}

@ARTICLE{walters1985,
  author = {E.A. Walters and J.R. Grover and M.G. White and E.T. Hui},
  title = {On the structure and thermochemistry of the van der Waals molecule
	Bz-HCl and its photoion},
  journal = {J. Phys. Chem.},
  year = {1985},
  volume = {89},
  pages = {3814}
}

@ARTICLE{watanabe1967,
  author = {T. Watanabe and K. Katsuura},
  title = {Ionization of atoms by collision with Excited atoms. II. A Formula
	without the rotating atom approximation},
  journal = {J. Chem. Phys.},
  year = {1967},
  volume = {47},
  pages = {800}
}

@ARTICLE{watanabe2004,
  author = {T. Watanabe and M. Stener},
  title = {Collisional deexcitation of optically allowed excited atoms by axially
	symmetric molecules},
  journal = {J. Chem. Phys.},
  year = {2004},
  volume = {121},
  pages = {9948}
}

@ARTICLE{Weigend05,
  author = {Weigend, F. and Ahlrichs, R.},
  journal = {Phys. Chem. Chem. Phys.},
  year = {2005},
  volume = {7},
  pages = {3297}
}

@ARTICLE{weikert1996,
  author = {H.-G. Weikert and H.-D. Meyer and L. S. Cederbaum and F. Tarantelli},
  journal = {J. Chem.Phys.},
  year = {1996},
  volume = {104},
  pages = {7122}
}

@BOOK{Weissbluth78,
  title = {Atoms and Molecules},
  publisher = {Academic Press Inc.},
  year = {1978},
  author = {Weissbluth, M.},
  keywords = {Drehimpulskopplung},
  owner = {elke},
  timestamp = {2011.04.11}
}

@ARTICLE{Weisskopf30,
  author = {Weisskopf, V. and Wigner, E.},
  title = {Berechnung der natuerlichen Linienbreite auf Grund der Diracschen
	Lichttheorie},
  journal = {Z. Phys.},
  year = {1930},
  volume = {63},
  pages = {54-73}
}

@ARTICLE{Wendin76,
  author = {Wendin, G. and Ohno, M.},
  title = {Strong Dynamical Effects of Many-Electron IInteraction in Photoelectron
	Spectra from 4s and 4p Core Levels},
  journal = {Phys. Scr.},
  year = {1976},
  volume = {14},
  pages = {148},
  owner = {elkefasshauer},
  timestamp = {2014.03.05}
}

@ARTICLE{wentzel1927,
  author = {G. Wentzel},
  title = {Ueber strahlungslose Quantenspruenge},
  journal = {Z. Phys.},
  year = {1927},
  volume = {43},
  pages = {524-530}
}

@ARTICLE{Wentzel27,
  author = {Wentzel, G.},
  title = {{\"U}ber strahlungslose Quantenspr{\"u}nge},
  journal = {Z. Physik},
  year = {1927},
  volume = {43},
  pages = {524},
  owner = {elke},
  timestamp = {2012.05.07}
}

@ARTICLE{West78,
  author = {West, J. B. and Morton, J.},
  title = {Absolute photoionization cross-section tables for xenon in the VUV
	and soft X-ray regions},
  journal = {Atomic Data an Nuclear Data Tables},
  year = {1987},
  volume = {22},
  pages = {103--107},
  owner = {elke},
  timestamp = {2011.04.08}
}

@INPROCEEDINGS{whitehead1980,
  author = {R.R Whitehead},
  booktitle = {Moment Methods in Many-Fermion Systems},
  year = {1980},
  editor = {B.J Dalton and S.M. Grimes and J.P. Vary and S.A. Williams},
  address = {New York},
  publisher = {Plenum}
}

@MISC{emsl,
  author = {William R. Wiley},
  title = {https://bse.pnl.gov/bse/portal},
  year = {2008}
}

@ARTICLE{wilson1999,
  author = {A.K. Wilson and D.E. Woon and K.A. Peterson and T.H. Dunning, Jr.},
  journal = {J. Chem. Phys.},
  year = {1999},
  volume = {110},
  pages = {7667}
}

@ARTICLE{winter094501,
  author = {Bernd Winter and Uwe Hergenhahn and Manfred Faubel and Olle Bj\"{o}rneholm
	and Ingolf V. Hertel},
  title = {Hydrogen bonding in liquid water probed by resonant Auger-electron
	spectroscopy},
  journal = {J. Chem. Phys.},
  year = {2007},
  volume = {127},
  pages = {094501},
  number = {9},
  doi = {10.1063/1.2770457}
}

@ARTICLE{woon1995,
  author = {D. Woon and T.H. Dunning, Jr.},
  journal = {J. Chem. Phys.},
  year = {1995},
  volume = {103},
  pages = {4572}
}

@ARTICLE{woon1993,
  author = {D. Woon and T.H. Dunning, Jr.},
  journal = {J. Chem. Phys.},
  year = {1993},
  volume = {98},
  pages = {1358}
}

@ARTICLE{woon1994,
  author = {D. Woon and T. H. Dunning, Jr.},
  journal = {J. Chem. Phys.},
  year = {1994},
  volume = {100},
  pages = {2975}
}

@ARTICLE{Woon93,
  author = {Woon, D. E. and Dunning Jr., T. H.},
  journal = {J. Chem. Phys},
  year = {1993},
  volume = {98},
  pages = {1358}
}

@ARTICLE{wurth1993,
  author = {Wurth, W. and Rocker, G. and Feulner, P. and Scheuerer, R. and Zhu,
	L. and Menzel, D. },
  title = {Core excitation and deexcitation in argon multilayers: Surface- and
	bulk-specific transitions and autoionization versus Auger decay},
  journal = {Phys. Rev. B},
  year = {1993},
  volume = {47},
  pages = {6697--6704},
  doi = {10.1103/PhysRevB.47.6697}
}

@ARTICLE{Yarzhemsky02,
  author = {Yarzhemsky, V. G. and Sgamellotti, A.},
  journal = {J. Elec. Spec. Rel. Phen.},
  year = {2002},
  volume = {125},
  pages = {13},
  owner = {elkefasshauer},
  timestamp = {2014.03.22}
}

@ARTICLE{Yoshino70,
  author = {Yoshino, K.},
  journal = {J. Opt. Soc. Am.},
  year = {1970},
  volume = {60},
  pages = {1220},
  owner = {elke},
  timestamp = {2011.08.11}
}

@ARTICLE{Yoshino85,
  author = {Yoshino, K. and Freeman, D. E.},
  title = {Absorption spectrum of xenon in the vacuum-ultraviolet region},
  journal = {J. Opt. Soc. Am. B},
  year = {1985},
  volume = {2},
  pages = {1268},
  issue = {8}
}

@ARTICLE{zare1966,
  author = {R. N. Zare},
  journal = {J. Chem. Phys.},
  year = {1966},
  volume = {45},
  pages = {1966}
}

@ARTICLE{Zehnder08,
  author = {Zehnder, O. and Merkt, F.},
  journal = {J. Chem. Phys.},
  year = {2008},
  volume = {128},
  pages = {014306}
}

@ARTICLE{Zobeley99,
  author = {Zobeley, J. and Cederbaum, L. S. and Tarantelli, F.},
  title = {{Intermolecular Coulombic Decay of Molecular Clusters: Identification
	of the Decay Mechanism Using a New Hole-Population Analysis}},
  journal = {J. Phys. Chem. A},
  year = {1999},
  volume = {103},
  pages = {11145},
  number = {50},
  eid = {16},
  doi = {http://dx.doi.org/10.1021/jp992677i}
}

@ARTICLE{Zobeley98,
  author = {Zobeley, J. and Cederbaum, L. S. and Tarantelli, F.},
  title = {Highly excited electronic states of molecular clusters and their
	decay},
  journal = {J. Chem. Phys.},
  year = {1998},
  volume = {108},
  pages = {9737},
  number = {23}
}

@ARTICLE{Zobeley01,
  author = {Zobeley, J. and Santra, R. and Cederbaum, L. S.},
  title = {{Electronic decay in weakly bound heteroclusters: Energy transfer
	versus electron transfer}},
  journal = {J. Chem. Phys.},
  year = {2001},
  volume = {115},
  pages = {5076},
  number = {11},
  publisher = {AIP}
}

@ARTICLE{zobeley2001,
  author = {J. Zobeley and R. Santra and L. S. Cederbaum},
  journal = {J. Chem. Phys.},
  year = {2001},
  volume = {115},
  pages = {5076}
}

@BOOK{burke1993,
  title = {Atomic and molecular processes: an R-matrix approach},
  publisher = {Institute of Physical Publishing},
  year = {1993},
  editor = {P.G. Burke and K.A. Berrington},
  address = {Bristol and Philadelphia}
}

@BOOK{MCTDH_book,
  title = {Multidimensional Quantum Dynamics: MCTDH THeory and Applications},
  publisher = {Wiley-VCH Verlag GmbH \& Co. KGaA},
  year = {2009},
  editor = {Meyer, H.-D. and Gatti, F. and Worth, G. A.},
  owner = {elkefasshauer},
  timestamp = {2015.09.04}
}

@MISC{DIRAC08,
  note = {{DIRAC}, a relativistic ab initio electronic structure program, Release
	{DIRAC08} (2008), written by L.~Visscher, H.~J.~{\relax Aa}.~Jensen,
	and T.~Saue, with new contributions from R.~Bast, S.~Dubillard, K.~G.~Dyall,
	U.~Ekstr{\"o}m, E.~Eliav, T.~Fleig, A.~S.~P.~Gomes, T.~U.~Helgaker,
	J.~Henriksson, M.~Ilia{\v{s}}, Ch.~R.~Jacob, S.~Knecht, P.~Norman,
	J.~Olsen, M.~Pernpointner, K.~Ruud, P.~Sa{\l}ek, and J.~Sikkema (see
	http://dirac.chem.sdu.dk)}
}

@MISC{DIRAC11,
  note = {{DIRAC}, a relativistic ab initio electronic structure program, Release
	{DIRAC11} (2011), written by R.~Bast, H.~J.~{\relax Aa}.~Jensen,
	T.~Saue, and L.~Visscher, with contributions from V.~Bakken, K.~G.~Dyall,
	S.~Dubillard, U.~Ekstr{\"o}m, E.~Eliav, T.~Enevoldsen, T.~Fleig,
	O.~Fossgaard, A.~S.~P.~Gomes, T.~Helgaker, J.~K.~L{\ae}rdahl, J.~Henriksson,
	M.~Ilia{\v{s}}, Ch.~R.~Jacob, S.~Knecht, C.~V.~Larsen, H.~S.~Nataraj,
	P.~Norman, G.~Olejniczak, J.~Olsen, J.~K.~Pedersen, M.~Pernpointner,
	K.~Ruud, P.~Sa{\l}ek, B.~Schimmelpfennig, J.~Sikkema, A.~J.~Thorvaldsen,
	J.~Thyssen, J.~van~Stralen, S.~Villaume, O.~Visser, T.~Winther, and
	S.~Yamamoto (see http://www.diracprogram.org)}
}

@MISC{DIRAC13,
  note = {{DIRAC}, a relativistic ab initio electronic structure program, Release
	{DIRAC13} (2013), written by L.~Visscher, H.~J.~{\relax Aa}.~Jensen,
	R.~Bast, and T.~Saue, with contributions from V.~Bakken, K.~G.~Dyall,
	S.~Dubillard, U.~Ekstr{\"o}m, E.~Eliav, T.~Enevoldsen, E.~Fa{\ss}hauer,
	T.~Fleig, O.~Fossgaard, A.~S.~P.~Gomes, T.~Helgaker, J.~K.~L{\ae}rdahl,
	Y.~S.~Lee, J.~Henriksson, M.~Ilia{\v{s}}, Ch.~R.~Jacob, S.~Knecht,
	S.~Komorovsk{\'y}, O.~Kullie, C.~V.~Larsen, H.~S.~Nataraj, P.~Norman,
	G.~Olejniczak, J.~Olsen, Y.~C.~Park, J.~K.~Pedersen, M.~Pernpointner,
	K.~Ruud, P.~Sa{\l}ek, B.~Schimmelpfennig, J.~Sikkema, A.~J.~Thorvaldsen,
	J.~Thyssen, J.~van~Stralen, S.~Villaume, O.~Visser, T.~Winther, and
	S.~Yamamoto (see http://www.diracprogram.org)},
  owner = {elkefasshauer},
  timestamp = {2014.03.05}
}

@MISC{DIRAChp,
  url = {http://www.diracprogram.org/}
}

@MISC{gamess_uk,
  title = {GAMESS-UK is a package of ab initio programs. See: "http://www.cfs.dl.ac.uk/gamess-uk/index.shtml",
	M.F. Guest, I. J. Bush, H.J.J. van Dam, P. Sherwood, J.M.H. Thomas,
	J.H. van Lenthe, R.W.A Havenith, J. Kendrick, "The GAMESS-UK electronic
	structure package: algorithms, developments and applications", Molecular
	Physics, Vol. 103, No. 6-8, 20 March-20 April 2005, 719-747.}
}

@MISC{HARDRoC,
  note = {{HARDRoC}, Hunting Asymptotic Relativistic Decay Rates of Clusters
	(2013), written by E.~Fasshauer (see http://www.pci.uni-heidelberg.de/tc/usr/elke/hardroc/html/main.html)},
  owner = {elkefasshauer},
  timestamp = {2013.10.30}
}

@MISC{MCTDH-X,
  note = {{R-MCTDH-X}, a program treating quantum many-body dynamics (2015),
	written A.~U.~J.~Lode and M.~Tsatsos, with contributions from E.~Fasshauer
	and S.~Weiner (see http://ultracold.org)},
  owner = {elkefasshauer},
  timestamp = {2014.03.05}
}

@MISC{note1,
  title = {Note that in the [Mg(H2O)$_6$]$^{2+}$ complex the water molecules
	(more precisely, the O atoms of the water molecules) are at a distance
	of 2.08 \AA~from the metal \cite{pavlov1998} which is much smaller
	than 5\AA. On a sphere of radius 5 \AA~ many more than 6 water molecules
	can be present.}
}

@MISC{python_random,
  note = {http://docs.python.org/2/library/random.html}
}

@MISC{Wikipedia_Gauss_Quadratur,
  title = {Gauss-Quadratur},
  howpublished = {http://de.wikipedia.org/wiki/Gauss-Quadratur},
  url = {http://de.wikipedia.org/wiki/Gauss-Quadratur}
}

@MISC{wikipedia_ikosaeder,
  title = {Ikosaeder},
  howpublished = {http://de.wikipedia.org/wiki/Ikosaeder},
  year = {2014},
  owner = {elkefasshauer},
  timestamp = {2014.05.01},
  url = {http://de.wikipedia.org/wiki/Ikosaeder}
}

@ARTICLE{clusters1996,
  journal = {Science},
  year = {1996},
  volume = {271},
  pages = {920}
}

@ARTICLE{Cederbaum86,
  journal = {Adv. Chem. Phys.},
  year = {1986},
  volume = {65},
  pages = {115},
  authors = {Cederbaum, L. S. and Domcke, W. and Schirmer, J. and von Niessen,
	W.}
}

@ARTICLE{Cederbaum77,
  journal = {Adv. Chem. Phys.},
  year = {1977},
  volume = {36},
  pages = {205},
  authors = {Cederbaum, L. S. and Domcke, W.}
}

@ARTICLE{Simons77,
  journal = {Annu. Rev. Phys. Chem.},
  year = {1977},
  volume = {28},
  pages = {1},
  authors = {Simons, J.}
}

@article{OKeeffe14,
  author = {O'Keeffe, P. and Ciavardini, A. and Ripani, E. and Bolognesi, P. and Coreno, M. and Avaldi, L. and Devetta, M. and Di Fraia, M. and Callegari, C. and Prince, K. C. and Richter, R. },
  title = {{Experimental investigation of the interatomic Coulombic decay in NeAr dimers}},
  journal = {Phys. Rev. A},
  year = {2014},
  volume = {90},
  issue = {4},
  pages = {042508},
  numpages = {6},
  note = {experiment},
  doi = {http://dx.doi.org/10.1103/PhysRevA.90.042508}
}
